1848 2944
896 107 954 151 ‚13

174 241 244 281 est
276 234 526 281 ¹conversio
570 232 746 278 Comae
784 230 1029 276 Berenices
1077 229 1418 277 Callimacheae.
1481 227 1676 273 Carmen

177 311 307 355 LXV
352 308 487 368 paulo
525 312 628 367 post
670 305 822 349 fratris
874 310 1064 349 mortem
1105 304 1281 363 scripsit
1316 309 1449 362 poeta
1493 304 1549 347 cf.
1576 317 1618 345 v,
1647 303 1676 344 5

176 383 399 440 ‘Namque
430 381 520 426 mei
554 396 742 440 nuper
771 379 968 425 Lethaeo
999 379 1181 439 gurgite
1218 378 1368 423 fratris
1397 377 1674 423 Pallidulum

177 472 360 501 manans
402 455 560 500 adluit·
580 454 700 499 unda
741 454 932 514 pedem'.
990 453 1131 498 Paulo
1175 460 1275 512 post
1303 459 1495 496 mortem
1522 451 1673 496 fratris

176 530 313 576 etiam
346 547 381 576 c.
411 529 631 575 LXVIIP'
659 528 877 589 scriptum
914 543 1012 573 esse
1046 542 1071 571 e
1100 526 1326 571 vementis
1352 526 1518 570 doloris
1549 525 1675 570 colli-

177 605 299 663 gitur
330 620 463 664 quem
493 604 663 664 spirant
691 602 975 661 vv.90sqq.:
1006 601 1157 646 ‘Troia
1186 625 1238 633 -
1268 625 1325 633 —
1354 625 1406 632 —

374 697 561 753 Quaene
592 681 725 740 etiam
754 701 905 739 nostro
932 694 1071 738 letum
1102 692 1362 738 miserabile
1388 693 1517 737 fratri

427 770 606 816 Attulit.
638 769 711 812 hei
744 769 907 812 misero
938 770 1079 812 frater
1108 767 1315 827 adempte
1345 766 1466 822 mihi,

368 842 455 887 Hei
487 843 649 887 misero
680 842 814 887 fratri·
837 841 1079 885 iucundum
1106 841 1260 884 lumen
1292 839 1563 899 ademptum,

427 917 598 961 Tecum
631 932 720 959 una
750 922 843 959 tota
875 922 941 958 est
975 921 1127 958 nostra
1155 914 1332 973 sepulta
1361 914 1534 969 domus,

372 990 536 1036 Omnia
564 997 714 1035 tecum
744 1005 835 1053 una
860 989 1093 1050 perierunt
1122 988 1286 1048 gaudia
1316 994 1481 1045 nostra,

425 1066 552 1120 Quae
582 1071 683 1108 tuus
715 1065 762 1108 in
792 1064 883 1107 vita
915 1063 1059 1107 dulcis
1089 1062 1238 1107 alebat
1265 1063 1416 1107 amor'.
1480 1115 1484 1118 ⁸

178 1158 256 1213 (cf.
287 1156 564 1213 Iu'ngclauss.
594 1171 637 1214 p.
662 1157 714 1200 18
747 1155 954 1201 Schwab.
983 1169 1026 1213 p.
1046 1154 1162 1212 180).

290 1245 534 1291 Difficilius
567 1251 634 1290 est
661 1245 859 1290 iudicare
891 1246 948 1290 de
978 1252 1180 1304 tempore
1211 1245 1417 1289 carminis
1439 1244 1673 1290 LXVIIIa.

183 1320 284 1364 Hoc
317 1319 510 1363 carmine
544 1318 746 1363 Catullus
778 1319 945 1363 Manlio
978 1319 1153 1363 cuidam
1189 1319 1261 1377 qui
1296 1333 1397 1362 eum
1427 1325 1679 1377 rogaverat,

176 1399 226 1437 ut
257 1393 453 1438 animum
484 1408 612 1436 suum
642 1391 834 1451 (Manlii)
865 1399 1009 1437 morte
1027 1393 1181 1437 uxoris
1207 1393 1470 1451 gravissime
1489 1394 1679 1437 fractum

181 1474 226 1510 et
261 1482 521 1510 concussum
536 1466 889 1510 transmittendis
919 1467 1192 1510 carminibus
1210 1467 1436 1510 amatoriis
1456 1473 1682 1512 recrearet

183 1540 427 1600 respondet
459 1554 507 1585 se
537 1555 628 1584 non
649 1554 746 1584 esse
765 1554 919 1598 parem
939 1540 1028 1584 iam
1046 1540 1123 1584 tali
1141 1539 1330 1597 muneri,
1359 1540 1544 1585 interitu
1562 1541 1680 1585 enim

181 1614 332 1659 fratris
362 1614 430 1658 sui
460 1620 552 1658 tota
582 1629 630 1658 se
661 1614 716 1657 de
746 1621 897 1658 mente
930 1614 1109 1674 fugasse
1140 1615 1246 1659 talia
1272 1614 1420 1659 studia
1433 1621 1567 1675 atque
1584 1631 1674 1660 om-

181 1703 265 1737 nes
295 1688 479 1733 delicias
509 1688 656 1741 animi.
714 1688 918 1733 Eandem
948 1690 1004 1732 ob
1038 1704 1213 1732 causam
1245 1689 1322 1746 (cf.
1352 1704 1393 1733 v·
1409 1690 1464 1734 27
1495 1691 1683 1749 ‘quare‘)

181 1761 451 1817 valedixisse
477 1776 525 1806 se
544 1761 683 1806 amori
703 1761 904 1819 Lesbiae,
917 1761 992 1817 (de
1024 1762 1147 1806 cuius
1177 1762 1454 1823 impudicitia
1484 1764 1678 1819 Manlius

181 1836 227 1880 in
261 1836 449 1896 epistola
478 1852 557 1880 sua
591 1835 863 1896 mentionem
888 1837 1093 1892 fecerat),
1123 1837 1315 1896 ideoque
1334 1837 1417 1882 sibi
1437 1853 1528 1882 non
1549 1845 1682 1897 turpe

182 1924 280 1953 esse
309 1909 374 1965 (id
405 1910 522 1967 quod
553 1909 744 1956 Manlius
775 1909 1027 1965 iudicarat),
1063 1910 1183 1968 quod
1217 1911 1304 1954 iam
1330 1910 1493 1970 ‘quivis
1511 1910 1568 1955 de
1590 1926 1681 1956 me-

180 1983 292 2027 liore
323 1990 428 2028 nota
458 1984 648 2043 Frigida
679 1984 856 2029 deserto
896 1985 1140 2043 tepefactet
1177 1986 1376 2029 membra
1418 1985 1565 2029 cubili’
1604 1986 1684 2030 sed

182 2058 338 2117 augeri
367 2058 453 2104 hac
484 2073 534 2103 re
566 2058 788 2104 tristitiam
818 2058 952 2104 animi
986 2058 1068 2104 sui.

314 2149 387 2194 Ex
417 2151 619 2194 versibus
649 2151 788 2208 igitur
820 2151 877 2193 25
894 2166 991 2209 sqq.
1023 2150 1327 2208 colligendum
1366 2156 1461 2206 est,
1505 2158 1683 2209 poetam

182 2222 339 2267 dolore
370 2224 427 2268 de
457 2223 604 2268 fratris
634 2230 777 2268 morte
799 2230 1070 2268 commotum
1099 2223 1372 2269 valedixisse
1399 2224 1540 2269 amori
1572 2224 1681 2269 Les-

181 2296 295 2341 biae.
354 2299 451 2342 Iam
480 2298 518 2342 si
548 2294 853 2356 comparamus
886 2314 923 2341 c.
954 2298 1181 2343 LXVIIIb
1211 2298 1329 2356 quod
1358 2314 1448 2342 non
1476 2313 1603 2342 secus
1632 2314 1684 2342 ac

182 2386 362 2415 carmen
378 2371 600 2416 LXVIIP
625 2371 841 2431 scriptum
871 2377 938 2415 cst
966 2377 1069 2430 post
1097 2377 1286 2416 mortem
1303 2371 1452 2416 fratris
1470 2372 1682 2416 miramur

183 2446 303 2502 quod
330 2453 381 2490 ut
410 2454 565 2505 aperte
591 2453 812 2491 testantur
840 2462 996 2492 versus
1029 2448 1112 2492 135
1128 2464 1225 2508 sqq.
1255 2448 1351 2492 159.
1382 2447 1467 2491 160
1499 2462 1554 2491 eo
1571 2455 1681 2492 tcm-

182 2535 293 2579 pore
324 2537 410 2580 quo
442 2522 528 2566 hoc
556 2522 833 2568 c.LXVIIIb
863 2523 1078 2581 scriptum
1108 2529 1189 2579 est,
1225 2522 1426 2567 Catullus
1457 2537 1558 2566 cum
1574 2522 1682 2566 Les·

180 2594 259 2637 bia
287 2595 506 2640 rationem
538 2597 705 2641 habuit.
749 2597 850 2642 Hoc
880 2604 1048 2641 certum
1079 2603 1147 2640 est
1176 2596 1262 2640 iam
1290 2596 1407 2640 hanc
1435 2597 1490 2640 ob
1508 2611 1683 2657 causam

185 2666 473 2718 incidendum
503 2685 600 2715 esse
630 2677 734 2730 post
761 2688 802 2716 v,
833 2672 893 2715 40
924 2686 1054 2715 carm.
1072 2670 1294 2716 LXVIII.
1338 2671 1432 2715 Ista
1461 2686 1569 2715 vero
1601 2670 1684 2714 dif-

181 2740 355 2786 ficultas
396 2751 608 2794 remanet.
667 2744 812 2801 Quam
843 2743 1106 2792 Schwabius
1145 2744 1205 2788 ita
1245 2743 1414 2789 studuit
1448 2758 1684 2793 removere
