1848 2944
937 66 996 111 24

215 191 338 251 gulis
370 191 469 236 cod.
491 192 611 237 arch.
639 192 817 252 paginis
845 191 1075 250 iudicium,
1103 191 1190 236 hoc
1220 191 1458 251 negligere
1487 206 1724 252 possumus

215 266 320 325 quia
344 267 673 323 argumentatio
692 267 976 311 desideratur
1005 283 1090 325 qua
1115 266 1229 310 illud
1257 273 1325 310 sat
1347 265 1581 325 probabile
1612 265 1725 310 iudi-

214 339 333 383 cium
365 340 600 384 refutetur.

328 413 416 457 Illa
445 428 555 457 vero
585 414 863 458 Lachmanni
882 413 1231 474 transpositione
1261 414 1427 458 factum
1459 420 1526 459 est
1553 420 1603 458 ut
1633 429 1725 460 ear-

216 501 320 531 men
352 486 580 531 LXXVII
616 487 749 532 ‘Rufe
795 487 904 531 mihi
944 488 1109 531 frustra
1145 503 1198 532 ac
1238 487 1508 547 nequiquam
1553 486 1727 533 credite

214 560 371 604 amieo’
402 576 493 605 uno
524 567 697 605 tantum
729 561 993 620 seiungatur
1028 561 1226 606 carmine
1257 562 1313 606 ab
1345 562 1423 606 illo
1464 562 1594 621 cyclo
1632 577 1725 605 car-

155 644 159 646 “
214 636 385 679 minum
411 635 830 679 LXIX—LXXIII
859 636 915 679 de
948 650 1035 693 quo
1065 650 1202 694 supra
1242 635 1560 681 disseruimuS:
1602 641 1724 680 certo

216 709 338 753 enim
370 725 422 754 ce
449 709 620 767 LXIX,
652 709 825 766 LXXI,
848 709 935 754 LX
951 709 1085 768 XIII,
1104 708 1330 754 LXXVII
1350 709 1587 754 confestim
1621 724 1721 754 sese

217 790 509 844 exceperunt,
537 785 746 842 longiore
773 799 881 828 vero
914 784 1128 844 temporis
1159 784 1397 828 intervallo
1431 785 1485 829 ab
1519 785 1589 839 his
1630 800 1721 828 car-

217 858 410 902 minibus
444 859 610 902 distant
653 858 845 902 carmina
887 858 939 916 C,
967 858 1134 903 LVIII
1179 858 1339 917 quibus
1381 858 1501 902 idem
1542 858 1723 905 Caelius

215 932 560 992 perstringitur:
592 939 770 992 praeter
797 933 909 977 haec
939 938 1087 977 autem
1117 947 1199 977 sex
1230 933 1424 977 carmina
1462 933 1638 990 nullum
1677 932 1723 976 in

218 1005 423 1051 Caelium
451 1021 629 1050 carmen
659 1006 888 1050 invenitur
921 1006 967 1049 in
994 1006 1110 1049 libro
1142 1005 1324 1051 Catulli.

335 1092 374 1135 7.
408 1090 627 1136 Consulto
654 1091 817 1136 deinde
838 1091 1082 1150 composita
1105 1098 1209 1135 sunt
1227 1092 1420 1135 carmina
1448 1090 1725 1135 LXXXVII

218 1171 264 1209 et
294 1165 500 1209 LXXVI
534 1180 725 1223 quorum
758 1172 1070 1224 argumentum
1103 1166 1159 1208 sit
1189 1165 1462 1209 simillimum
1499 1165 1605 1222 (hoc
1635 1164 1723 1208 iam

221 1240 449 1299 Bergkius
483 1240 512 1284 l.
533 1240 563 1284 l.
594 1257 637 1300 p.
654 1240 739 1285 513
771 1240 917 1298 vidit).

336 1325 375 1369 8.
407 1324 569 1368 Eidem
612 1340 748 1384 porro
792 1324 985 1384 tempori
1027 1324 1182 1368 deberi
1221 1324 1418 1368 carmina
1446 1325 1494 1367 in
1525 1324 1727 1370 Gellium

220 1397 695 1443 LXXXVIII—XCI
725 1398 943 1442 dubitabit
969 1413 1100 1442 nemo
1132 1398 1382 1441 concedere
1414 1414 1515 1441 eum
1542 1398 1590 1441 in
1616 1413 1725 1441 uno-

223 1486 402 1531 quoque
447 1471 501 1515 de
537 1471 733 1516 nefando
773 1472 867 1515 eius
898 1487 997 1515 cum
1030 1477 1170 1515 matre
1211 1478 1255 1515 et
1291 1485 1446 1515 sorore
1480 1485 1625 1516 sermo
1671 1471 1727 1515 sit

222 1546 410 1589 incestu.
1645 1546 1647 1549 ’

338 1632 379 1675 9.
412 1631 739 1692 Coniungenda
769 1633 931 1677 deinde
962 1648 1060 1677 esse
1090 1647 1222 1677 nemo
1257 1649 1349 1692 non
1378 1631 1499 1676 videt
1532 1631 1730 1677 carmina

220 1705 396 1762 XCIII,
426 1707 583 1753 XCIV
621 1708 759 1765 (haud
788 1709 920 1752 dubie
954 1723 1096 1753 nexus
1127 1708 1313 1752 causalis
1342 1706 1584 1751 intercedit
1611 1705 1729 1751 inter

221 1780 333 1823 haec
363 1780 450 1824 duo
486 1783 722 1839 carmina);

311 1865 379 1909 10.
413 1865 622 1910 Carmina
667 1867 831 1925 CVII,
874 1867 988 1913 CIX
1032 1868 1088 1912 de
1144 1866 1513 1911 reconciliatione
1561 1864 1726 1910 Catulli

222 1954 324 1983 cum
350 1938 531 1996 Lesbia3

310 2025 377 2067 11.
411 2023 509 2081 CX,
540 2024 650 2069 CXI
677 2026 725 2069 in
755 2027 1031 2081 Aufilenam3

312 2110 379 2156 12.
414 2109 594 2168 CXIII,
626 2110 793 2165 CXIV,
827 2111 955 2157 CXV
988 2112 1033 2156 in
1073 2111 1312 2157 Caesarem
1355 2112 1727 2168 Mamurramque.

339 2185 410 2228 De
442 2185 638 2229 carmine
667 2185 834 2231 CXIII
850 2186 938 2229 iam
966 2186 1173 2244 Scaliger
1198 2186 1258 2229 ita
1275 2186 1511 2230 indicavit:
1539 2185 1726 2241 ‘Quodsi

221 2257 405 2302 historia
436 2259 656 2317 quaedam
700 2260 772 2303 hic
801 2250 1161 2318 intelligeretur,
1187 2260 1243 2304 de
1289 2260 1395 2305 solis
1428 2259 1657 2304 Mamurra
1683 2266 1728 2304 et

223 2332 418 2377 Caesare
443 2339 614 2377 tantum
636 2349 783 2378 sermo
812 2341 945 2390 esset,
974 2342 1022 2378 ut
1048 2335 1151 2379 illos
1170 2335 1463 2379 Moechorum
1484 2333 1725 2391 signiferos

223 2406 340 2449 dicat
373 2407 539 2451 fuisse’.
606 2408 733 2464 Quae
769 2408 989 2452 sententia
1022 2409 1107 2452 nisi
1136 2408 1267 2452 fallor
1299 2408 1385 2451 iam
1420 2400 1624 2452 omnibus
1659 2414 1726 2452 est

221 2481 408 2539 probata
439 2482 517 2537 (cf.
563 2481 618 2525 de
645 2481 731 2524 hoc
774 2482 968 2526 carmine
1005 2481 1293 2527 Schwabium
1325 2499 1369 2543 p.
1398 2481 1645 2535 210—221)
1682 2487 1726 2525 et

226 2555 395 2613 optimo
437 2554 618 2613 quidem
652 2555 764 2613 iure,
793 2572 895 2600 nam
928 2572 1110 2616 prorsus
1149 2556 1196 2601 in
1234 2556 1420 2601 eandem
1458 2555 1726 2601 sententiam

224 2628 438 2688 scriptum
470 2636 537 2673 est
569 2646 605 2675 c.
630 2630 770 2675 LVII
815 2630 892 2687 (cf.
922 2630 1123 2690 inprimis
1153 2630 1303 2687 LVII,
1333 2631 1459 2674 8-9.
1509 2629 1628 2675 ‘Non
1653 2629 1726 2674 hic

222 2717 353 2759 quam
382 2703 460 2756 ille
488 2704 631 2763 magis
662 2721 805 2749 vorax
835 2705 1023 2763 adulter,
1041 2705 1222 2750 Rivales
1241 2705 1347 2749 socii
1367 2703 1721 2765 puellularum’);
