1848 2944
902 67 930 112 9

193 219 195 221 ·
286 195 421 243 Plura
462 187 518 241 de
551 195 691 241 Caelo
725 192 910 239 Catulli·
934 194 1109 261 aemulo
1153 193 1355 237 invenies
1393 193 1511 236 infra
1544 190 1667 250 (pag.

170 272 372 328 17—21).
1176 283 1179 286 ·

880 490 950 545 ΙΙ.

277 617 387 661 Illas
420 616 477 660 ob
507 631 662 660 causas
685 630 792 674 quas
816 614 960 674 capite
982 615 1133 673 priore
1149 614 1279 658 attuli
1295 629 1397 657 cum
1413 612 1666 657 coniectura

169 690 246 748 illa
274 689 483 747 Helbigii
509 688 864 745 ceterorumque·
888 703 980 732 non
1019 688 1124 731 satis
1157 694 1281 731 certa
1310 686 1541 730 videretur
1568 700 1666 729 esse

170 777 334 808 novum
364 761 709 821 circumspicere
742 761 868 821 coepi
898 761 1234 806 fundamentum
1266 759 1384 805 unde
1415 758 1665 817 egredienti

168 836 276 880 mihi
299 836 578 893 contingeret
595 842 644 879 ut
666 841 741 879 aut
756 835 1014 879 refellerem
1029 835 1226 878 funditus
1250 834 1548 878 dubitationes
1568 832 1666 877 illas

168 909 225 954 de
257 907 417 955 Clodia
448 908 762 967 quadrantaria
790 914 865 953 aut
892 910 1117 954 firmarem
1147 922 1395 966 verumque
1425 907 1666 965 investiga·

169 999 263 1031 rem
294 983 538 1028 carminum
572 983 788 1028 ordinem.
833 985 992 1041 Itaque
1016 983 1232 1042 indagare
1260 982 1409 1027 studui
1430 982 1563 1026 rebus
1585 995 1668 1040 per

167 1072 215 1103 se
246 1058 456 1119 spectatis
486 1073 561 1103 eos
592 1057 926 1117 nexus—quibus
968 1056 1145 1117 singula
1188 1062 1529 1101 conecterentur
1571 1071 1667 1099 car·

167 1130 298 1175 mina.
360 1131 460 1186 Qua
489 1131 536 1175 in
563 1121 626 1175 ‘re
655 1131 786 1174 multi
823 1130 919 1174 fore
958 1130 1129 1174 fructus
1159 1130 1252 1173 vidi
1297 1130 1386 1174 duo
1417 1136 1664 1174 momenta:

170 1205 287 1266 quod
316 1220 533 1265 persaepe
561 1205 764 1250 vicinitas
786 1204 1028 1249 carminum
1049 1205 1259 1263 congruit
1280 1220 1380 1248 cum
1399 1203 1665 1263 aequalitate

170 1293 322 1324 eorum
355 1285 399 1322 et
427 1278 546 1338 quod
574 1278 692 1323 intra
721 1284 867 1323 certos
897 1279 1010 1323 fines
1038 1293 1254 1338 persaepe
1277 1278 1386 1323 ordo
1419 1277 1665 1322 carminum

167 1351 413 1411 respondet
439 1353 528 1397 illis
556 1352 830 1412 temporibus
860 1352 1018 1409 quibus
1047 1352 1226 1410 singula
1256 1352 1469 1411 deinceps
1497 1350 1663 1410 scripta

172 1430 276 1471 sunt
306 1425 513 1470 carmina.
574 1426 701 1483 Quae
734 1425 822 1469 iam
852 1425 900 1470 in
936 1425 1168 1469 oculorum
1206 1425 1362 1471 obtutu
1403 1439 1568 1484 ponam
1610 1424 1664 1467 ab

171 1488 224 1544 eo
257 1515 444 1545 exorsus
475 1500 595 1558 quod
624 1500 671 1544 in
704 1500 846 1559 capite
876 1500 1019 1560 posui.

895 1627 954 1670 A.

284 1731 322 1774 1.
381 1730 526 1775 Nemo
560 1730 680 1789 quod
708 1731 843 1775 sciam
873 1731 1090 1776 dubitavit
1121 1731 1229 1791 quin
1263 1731 1459 1777 carmina
1485 1733 1549 1788 ΙΙ,
1574 1733 1665 1788 III,

165 1804 223 1861 V,
261 1804 353 1849 VII
401 1805 544 1864 primo
597 1805 785 1865 tempori
842 1805 1005 1850 amoris
1049 1805 1238 1850 Lesbiae
1283 1806 1371 1850 sint
1415 1806 1664 1850 tribuenda.

166 1878 441 1935 Quibuscum
471 1878 741 1924 carminibus
772 1880 1068 1925 'coniunctum
1108 1881 1212 1940 volo
1252 1881 1402 1925 nobile
1430 1881 1544 1926 illud
1572 1897 1666 1925 car-

166 1968 268 1997 men
298 1952 436 2007 VIII,
467 1954 586 2011 quod
626 1964 677 1985 -’
712 1954 747 1997 si
777 1956 1043 1999 sententiam
1076 1956 1210 1999 totius
1250 1956 1455 1999 carminis
1494 1962 1665 2015 spectas

166 2053 223 2061 —-
252 2043 384 2076 nemo
428 2019 584 2073 adhuc
618 2030 721 2074 satis
756 2030 971 2075 distincte
998 2030 1175 2080 videtur
1205 2031 1469 2090 explicasse.
1528 2031 1665 2076 Nullo

167 2117 273 2146 vero
306 2102 438 2147 modo
471 2103 757 2148 Froehlichio
791 2105 854 2164 (p.
876 2105 980 2162 697)
1015 2104 1342 2162 Schwabioque
1373 2107 1435 2164 (p.
1452 2105 1551 2149 3594
1579 2106 1664 2150 358

171 2178 227 2221 cf.
259 2191 301 2235 p.
323 2177 418 2223 120.
442 2176 541 2234 118)
574 2177 759 2236 'possum
792 2178 995 2244 assentiri
1027 2179 1101 2237 qui
1139 2178 1309 2242 inducti
1347 2179 1493 2238 primo
1532 2193 1665 2223 versu

169 2250 300 2295 huius
341 2251 549 2295 carminis
589 2267 803 2310 magnum
845 2252 1012 2297 hiatum
1051 2258 1205 2297 extare
1246 2252 1520 2298 consuerunt
1550 2253 1668 2297 inter

171 2324 366 2369 carmina
396 2324 462 2381 11,
492 2324 576 2381 III,
605 2325 664 2382 V,
696 2326 789 2370 VII
811 2332 855 2370 et
885 2342 1018 2370 carm.
1039 2327 1187 2384 VIII3
1218 2327 1307 2394 imp
1327 2326 1592 2372 Schwabius
1612 2342 1664 2372 eo

169 2414 434 2458 progressus
477 2407 544 2444 est
582 2407 631 2444 ut
673 2416 853 2446 carmen
884 2400 1120 2447 XXXVII
1153 2401 1305 2448 ‘Salax
1334 2402 1527 2446 taberna'
1560 2401 1666 2446 scri-

165 2479 296 2532 ptum
327 2488 425 2518 esse
456 2474 661 2525 crederet
687 2482 789 2519 ante
818 2491 953 2520 carm.
968 2476 1108 2533 VIII,
1137 2482 1186 2519 ut
1211 2475 1351 2534 igitur
1375 2476 1451 2518 tali
1476 2476 1665 2534 tempori

166 2546 386 2593 tribueret
414 2547 500 2592 hoc
528 2563 722 2604 carmen,
752 2564 839 2608 quo
869 2554 1000 2607 poeta
1032 2549 1118 2594 iam
1147 2549 1430 2594 acerbissime
1448 2549 1503 2593 de
1520 2549 1664 2609 impu·

171 2621 320 2665 dicitia
334 2621 524 2666 Lesbiae
556 2629 736 2680 questus
766 2630 897 2668 esset.
942 2623 1035 2670 Sed
1053 2623 1364 2669 infidelitatem
1388 2624 1547 2683 opinor
1562 2623 1606 2667 b.
1625 2638 1661 2668 e.

164 2694 491 2755 indulgentiam
529 2696 576 2741 in
609 2686 806 2755 aemulos
839 2698 1019 2755 minime
1056 2699 1298 2758 exprobrat
1339 2698 1424 2745 hoc
1459 2698 1659 2756 carmine
