1848 2944
891 55 922 108 3

163 184 259 238 rem
289 192 340 238 Ρ.
370 191 531 247 Clodii,
562 181 768 236 Caelium
800 187 965 235 Rufum
997 183 1163 234 Catulli
1193 195 1414 234 oratorem
1444 189 1574 233 illum
1600 190 1663 235 M.

162 267 366 315 Caelium
397 266 578 323 Rufum,
607 264 661 309 ab
685 264 764 309 illo
785 270 988 325 tempore
1009 276 1218 323 egressus
1241 264 1373 309 estin
1396 259 1668 311 definiendis

164 335 407 387 carminum
438 339 609 385 Catulli
643 338 934 398 temporibus,
972 353 1059 396 quo
1089 338 1149 381 M.
1183 338 1362 384 Caelius
1390 338 1530 384 Rufus
1564 348 1666 383 cum

165 414 324 461 Clodia
358 413 672 473 quadrantaria
703 412 919 457 rationem
952 412 1131 456 habuite
1162 412 1319 457 eodem
1349 412 1489 471 igitur
1508 412 1663 457 funda·

162 495 312 535 mento
342 504 447 534 usus
476 488 857 548 Iungclaussenus
888 487 1137 532 accuratius
1184 487 1238 533 de
1282 487 1363 531 hac
1409 486 1667 550 quaestione

163 564 269 624 egit,
312 563 616 624 copiosissime
656 572 765 606 vero
806 570 953 620 nuper
980 552 1245 606 Schwabius
1291 561 1366 619 qui
1405 560 1462 605 de
1491 574 1666 605 enarra-

163 639 287 683 tione
330 638 434 683 libri
482 635 645 682 Catulli
693 635 876 680 materia
933 635 1131 693 undique
1176 635 1403 680 uberrima
1455 641 1667 694 congesta

165 707 334 772 optime
365 717 433 755 est
462 711 675 767 meritus3
704 708 979 754 Ribbeckius
998 709 1192 767 denique
1217 720 1349 767 quem
1379 708 1536 754 ultimo
1564 704 1663 753 loeo

163 778 407 838 memoravi
437 785 484 829 in
510 784 768 829 universum
799 783 1036 830 Schwabio
1067 782 1333 843 astipulatur
1371 784 1452 828 sed
1481 784 1527 827 in
1556 783 1666 828 defi⁶

164 860 343 905 aiendis
372 859 651 919 singulorum
692 860 936 904 carminum
976 858 1250 918 temporibus
1293 858 1470 919 saepius
1511 859 1566 903 ab
1613 868 1666 903 eo

165 934 370 980 dissentit
400 933 739 993 psychologicis
762 948 874 992 quae
904 939 1125 978 vocantur
1154 932 1359 992 inprimis
1391 932 1667 992 argumentis

113 1066 118 1072 Ι
164 1010 210 1053 in
241 1008 455 1054 auxilium
484 1008 669 1054 vocatis.

249 1081 445 1127 Omnia
485 1087 751 1140 argumenta
799 1082 961 1139 quibus
1001 1081 1115 1124 illud
1150 1079 1490 1124 fundamentum
1520 1084 1668 1159 potest

165 1155 355 1200 firmari
366 1154 628 1202 Schwabius
659 1156 689 1202 l.
709 1156 739 1200 Ι.
771 1165 815 1214 p.
834 1155 918 1201 185
944 1155 1006 1200 ita
1035 1152 1249 1214 collegit.

277 1228 484 1276 ‘Ovidius
518 1251 571 1263 -—
613 1230 739 1274 testis
774 1236 843 1274 est
871 1229 1060 1273 Lesbiae
1096 1238 1261 1273 nomen
1303 1226 1482 1288 puellae
1524 1240 1550 1271 a
1584 1226 1667 1272 Ca⁴
1715 1262 1719 1266 .

164 1304 276 1349 tullo
308 1311 477 1349 amatae
506 1305 667 1350 falsum
697 1304 861 1349 fuisse:
889 1304 1145 1364 Appuleius
1179 1313 1336 1347 verum
1369 1312 1537 1346 nomen
1568 1311 1666 1345 nara

163 1385 232 1423 rat
274 1379 410 1422 fuisse
451 1378 668 1424 Clodiam.
743 1377 948 1422 Clodiam
993 1376 1350 1435 quadrantariam
1381 1364 1539 1420 Cicero
1584 1386 1667 1435 pro

167 1451 322 1496 Caelio
355 1453 505 1495 narrat
534 1464 635 1495 cum
674 1451 736 1496 Μ.
771 1450 925 1495 Caelio
951 1451 1070 1495 Rufo
1114 1464 1209 1494 rem
1246 1461 1329 1509 per
1366 1455 1543 1509 tempus
1586 1445 1666 1493 ali⁶

169 1524 289 1582 quod
317 1525 548 1569 habuisse:
578 1524 788 1569 Lesbiam
805 1523 969 1569 Catulli
998 1525 1159 1568 scimus
1189 1524 1333 1582 ipsam
1356 1537 1535 1582 quoque
1564 1533 1669 1568 cum-

166 1597 321 1642 Caelio
372 1597 490 1642 Rufo
533 1597 812 1642 moechatam
856 1609 967 1642 esse.
1048 1596 1252 1641 Clodiam
1303 1591 1663 1656 quadrantariam

167 1687 265 1716 cum
297 1671 460 1717 Publio
492 1671 628 1716 fratre
657 1672 879 1716 incestum
909 1672 1071 1716 fecisse
1103 1670 1262 1716 Cicero
1291 1670 1402 1715 locis
1431 1670 1665 1729 permultis

165 1752 507 1792 commemora-t:
554 1745 756 1791 Catullus
788 1746 897 1790 dicit
932 1762 958 1789 a
988 1746 1153 1790 Lesbia
1182 1745 1395 1789 Lesbium
1425 1745 1511 1790 sibi
1541 1752 1663 1790 ante-

162 1820 281 1880 poni.
334 1820 372 1864 si
400 1819 588 1864 Lesbiae
629 1833 794 1864 nomen
821 1832 979 1864 verum
1010 1825 1078 1864 est
1106 1818 1278 1877 Clodia,
1322 1831 1480 1863 verum
1509 1818 1663 1864 Lesbii

162 1906 328 1937 nomen
358 1892 546 1938 Clodius
573 1893 707 1937 fuerit
733 1907 920 1938 necesse
955 1899 1046 1938 est:
1080 1893 1266 1938 Clodius
1293 1893 1434 1952 igitur
1463 1893 1666 1937 aLesbia

168 1965 350 2011 Catullo
388 1967 686 2026 anteponitur.
754 1967 881 2012 vides
911 1984 936 2012 a
966 1967 1147 2013 Catullo
1176 1967 1227 2011 P.
1255 1966 1466 2013 Clodium
1500 1967 1665 2012 sororis

163 2047 407 2086 amatorem
438 2041 694 2100 significari.
762 2041 926 2087 Cicero
954 2042 1001 2086 in
1034 2041 1246 2087 Caeliana
1262 2041 1413 2086 vitam
1439 2042 1662 2104 'quadram

161 2111 307 2160 tariae
328 2105 727 2174 inquinatissimam
766 2121 812 2160 et
841 2130 989 2161 mores
1018 2115 1374 2175 corruptissimos
1404 2115 1663 2175 descripsit:

163 2200 275 2246 quae
306 2189 344 2233 si
373 2195 674 2249 conparantur
705 2203 805 2233 cum
836 2190 900 2234 eis
931 2204 1043 2249 quae
1060 2189 1265 2234 Catullus
1295 2190 1342 2234 in
1361 2189 1525 2235 Lesbia
1550 2190 1663 2234 vitu-

162 2262 353 2324 peravit,
381 2263 517 2323 plane
551 2262 710 2307 eadem
737 2268 976 2322 utrumque
1012 2269 1058 2308 et
1074 2262 1342 2309 Ciceronem
1377 2270 1422 2308 et
1438 2264 1664 2310 Catullum

161 2337 506 2397 reprehendisse
535 2350 671 2382 nemo
697 2338 972 2383 initiabitur.
1033 2339 1197 2382 scimus
1236 2338 1462 2396 Lesbiam,
1504 2352 1607 2383 eum
1638 2351 1664 2383 a

164 2410 341 2457 Catullo
383 2418 620 2470 amaretur,
665 2412 754 2456 iam
796 2412 897 2456 viro
936 2412 1070 2456 alicui
1110 2419 1294 2473 nuptam
1334 2413 1491 2457 fuisse:
1544 2413 1662 2472 quod

163 2494 249 2543 quo
280 2491 483 2544 tempore
511 2486 610 2542 fuit,
643 2486 802 2530 Clodia
832 2486 961 2529 etiam
994 2486 1302 2542 quadrantaria
1335 2486 1433 2530 viro
1463 2486 1553 2530 iam
1582 2499 1661 2530 mr-

103 2570 106 2573 ’
161 2564 327 2618 pserat,
358 2558 416 2616 Q.
446 2557 636 2603 Metello
666 2558 834 2605 Celeri.
894 2565 1014 2604 aetas
1058 2559 1190 2604 etiam
1220 2560 1461 2605 amantium
1494 2561 1665 2619 optime

164 2633 406 2694 conspirat.
467 2633 660 2694 denique
678 2633 836 2679 Clodia
864 2634 1175 2694 quadrantaria
1206 2634 1347 2679 nobili
1377 2649 1546 2694 genera
1568 2642 1664 2680 orta

163 2708 259 2753 fuit.
334 2709 476 2754 nobili
523 2725 693 2770 genere
731 2710 864 2755 etiam
911 2707 1079 2756 Catulli
1123 2711 1332 2756 Lesbiam
1376 2717 1519 2756 ortam
1565 2727 1662 2758 esse
