1848 2944
868 46 933 102 a*

150 173 296 242 3⁶1st
306 172 510 229 ιἰνεὶθιιῖ
516 182 665 229 'semer
699 171 935 227 fflieuten
949 182 1031 226 die
1057 171 1266 227 letzten
1281 177 1555 243 Arum-aege
1567 188 1656 227 ῆι*

151 257 241 302 ἀειθ
249 247 462 303 Abreise
473 271 544 300 ⁴²
545 247 697 303 Sed
702 257 830 301 talis
828 245 987 302 sensus
999 246 1208 328 -mfnime
1220 256 1364 326 inest
1354 258 1434 303 ἰιι
1425 257 1526 303 h'c'c
1552 261 1655 303 'cara

154 320 301 389 minc,-
306 333 425 376 nam
446 330 693 376 mmuhre
698 331 773 376 hic'
792 318 1013 391 poetam
1022 332 1082 376 se
1094 335 1214 403 cum
1236 334 1519 393 mperatore
1527 336 1649 392 quc-

151 405 273 449 ᾶῐιιιι
268 406 349 449 in
341 404 687 450 remotissimas
693 408 979 451 tetraff'esse
984 405 1188 463 «iturum
1181 406 1299 450 sine'
1315 394 1480 450 dubio
1468 411 1654 494 negan-

150 478 258 523 dum
288 486 369 537 est,
405 480 441 525 si
472 480 653 540 quidem
683 495 863 525 versum
897 483 953 527 10
981 480 1262 539 respicimus·
1653 489 1655 491 ’

468 572 673 616 Caesaris
704 572 852 616 visens
885 571 1154 615 monimenta
1186 572 1337 628 magni

148 680 234 740 hoc
267 686 440 724 tantum
488 680 597 725 dicit
641 687 774 739 poeta
816 695 1077 740 persuasum
1112 680 1194 725 sibi
1238 695 1335 725 esse
1377 680 1564 725 Furium
1606 686 1651 724 et

152 754 387 798 Aurelium
420 754 649 810 parasitos·
667 755 739 797 vel
773 755 821 799 in
850 754 1168 798 remotissimas
1196 760 1338 798 terras
1369 768 1521 798 secum
1551 768 1648 798 esse

148 827 305 885 ituros,
338 828 630 886 designantur
658 835 805 872 autem
825 829 970 872 ultimi
1000 829 1112 873 fines
1142 828 1317 886 imperii
1341 827 1529 872 Romani
1560 827 1649 871 illis

149 901 507 959 expeditionibus
541 916 652 959 quae
683 902 815 961 paulo
846 908 948 945 ante
979 903 1027 945 in
1044 901 1363 945 remotissimas
1384 907 1525 944 terras
1554 916 1645 944 sus-

149 982 305 1035 ceptae
348 982 486 1019 erant.
546 976 702 1033 Itaque
730 975 913 1021 minime
945 976 1153 1034 'cogimur
1187 991 1303 1020 anno
1335 975 1535 1019 699—55
1572 975 1647 1019 tri-

147 1049 285 1093 buere
313 1049 398 1094 hoc
428 1065 620 1106 carmen,
650 1051 771 1108 quod
802 1056 949 1110 potest
980 1049 1110 1093 etiam
1140 1065 1256 1094 anno
1285 1047 1484 1094 700—54
1512 1049 1648 1107 scrip-

148 1128 242 1166 tum
273 1138 384 1167 esse.

264 1215 427 1259 Totum
461 1231 639 1260 carmen
681 1216 752 1260 XI
783 1214 1044 1260 Schwabius
1084 1216 1146 1258 ita
1189 1214 1384 1273 explicat
1423 1216 1485 1274 (p.
1519 1214 1645 1271 129):

149 1288 367 1333 ‘Catullus
403 1289 449 1333 in
477 1296 741 1349 perpetuum
771 1290 960 1334 Lesbiae
991 1304 1187 1333 amorem
1218 1290 1457 1342 renuntiat.
1494 1296 1537 1333 at
1568 1305 1647 1333 cur

148 1367 278 1420 poeta
308 1362 356 1406 id
384 1362 517 1420 quod,
547 1369 596 1406 ut
624 1363 828 1421 vidimus,
858 1363 1139 1422 iampridem
1163 1363 1270 1407 fecit
1299 1362 1462 1406 iterum
1492 1364 1644 1407 facere

147 1435 325 1479 voluit?
369 1452 447 1479 cur
481 1437 618 1482 Furio
661 1444 705 1480 et
744 1438 950 1494 Aurelio,
987 1437 1239 1480 hominibus
1271 1453 1297 1480 a
1326 1452 1374 1480 se
1407 1437 1646 1495 despectis,

150 1510 374 1553 mandavit
405 1509 510 1553 illa?
547 1517 596 1554 ut
633 1510 828 1554 breviter
870 1510 1038 1568 dicam,
1083 1509 1241 1555 Clodia
1286 1516 1381 1554 tum
1423 1509 1646 1555 Catullum

150 1599 230 1644 per
260 1585 410 1629 nescio
443 1601 552 1644 quos
587 1586 794 1646 precibus
826 1585 989 1629 adiisse
1022 1584 1211 1641 videtur,
1251 1590 1300 1627 ut
1335 1583 1429 1627 eius
1460 1584 1647 1643 gratiam

149 1664 193 1701 et
223 1673 420 1702 amorem
451 1658 527 1702 diu
557 1659 859 1704 intermissum
888 1658 1184 1718 reciperaret:
1228 1658 1306 1702 sed
1339 1674 1364 1701 a
1394 1665 1541 1718 poeta,
1572 1657 1646 1716 qui

147 1738 399 1791 temporum
432 1733 630 1792 priorum
674 1733 901 1777 doloribus
930 1733 1193 1791 prudentior
1227 1740 1271 1776 et
1304 1733 1475 1777 cautior
1504 1733 1646 1777 factus

149 1813 256 1863 erat,
289 1807 403 1851 nihil
434 1807 519 1861 nisi
548 1807 772 1866 repulsam
803 1807 1007 1850 acerbam
1038 1807 1297 1866 reportavit,
1337 1822 1467 1864 quam
1499 1806 1647 1852 Catul-

147 1880 216 1923 lus
243 1887 293 1924 ut
320 1887 621 1939 contemptum
647 1897 775 1925 suum
802 1881 944 1939 magis
970 1881 1165 1939 aperiret
1194 1897 1276 1940 per
1304 1881 1517 1925 miserum
1549 1882 1646 1924 illo-

146 1970 244 1997 rum
276 1955 645 2003 homunculorum
676 1970 757 2013 par
785 1954 916 1998 finxit
942 1954 1009 1997 illi
1040 1970 1087 1998 se
1119 1954 1420 2012 significasse.'

261 2045 349 2089 Hic
383 2045 587 2096 videmus
624 2051 832 2104 quantam
875 2045 960 2088 sibi
999 2039 1095 2102 ipse
1131 2045 1299 2102 pararit
1337 2045 1646 2088 difficultatem

148 2118 407 2165 Schwabius
442 2135 542 2164 cum
566 2111 859 2164 contenderet
891 2119 953 2179 (p.
973 2118 1067 2163 123.
1087 2118 1188 2176 124)
1223 2118 1419 2163 carmine
1447 2117 1647 2163 LXXVI

147 2193 313 2250 scripto
357 2193 578 2237 Catullum
625 2193 671 2236 in
710 2200 978 2252 perpetuum
1016 2211 1041 2237 a
1078 2193 1240 2237 Lesbia
1286 2193 1542 2237 discessisse
1585 2194 1644 2250 (v.

147 2280 279 2326 supra
297 2281 340 2325 p.
361 2267 565 2324 38-40),
597 2266 712 2312 Nam
734 2281 880 2326 neque
897 2267 990 2311 ullo
1023 2267 1156 2310 modo
1187 2265 1412 2311 Sehwabii
1438 2266 1645 2310 carminis

147 2339 219 2383 XI
250 2340 486 2398 explicatio
521 2346 669 2399 potest
697 2340 805 2384 ferri
843 2346 887 2384 et
916 2340 1210 2384 certissimum
1242 2347 1310 2384 est
1341 2341 1428 2383 hoc
1467 2340 1645 2383 demum

147 2414 343 2458 carmine
373 2414 442 2458 XI
478 2414 524 2459 in
563 2420 827 2474 perpetuum
862 2413 1087 2458 Catullum
1129 2428 1322 2458 amorem
1355 2414 1546 2459 Lesbiae
1574 2428 1644 2458 re-

135 2489 386 2534 nuntiasse.
446 2490 547 2534 Hoc
581 2494 765 2549 apparet
794 2503 818 2532 e
849 2502 983 2532 versu
1013 2488 1068 2531 21
1111 2488 1210 2532 ‘nec
1241 2503 1390 2533 meum
1420 2495 1645 2548 respectet

145 2571 195 2608 ut
226 2569 329 2609 ante
357 2565 564 2608 amorem’
598 2564 839 2623 praecipue
870 2578 978 2607 vero
1012 2578 1037 2607 e
1069 2563 1273 2608 versibus
1291 2564 1373 2607 ⁴15.
1403 2564 1456 2608 16
1490 2564 1645 2623 ‘pauca

145 2639 345 2683 nuntiate
386 2654 484 2683 mea
518 2638 697 2697 puellae
729 2654 820 2682 non
859 2639 976 2682 bona
1022 2637 1149 2681 dicta’
1191 2638 1268 2682 ubi
1310 2638 1467 2696 procul
1509 2637 1643 2682 dubio

145 2712 398 2756 necessario
432 2711 634 2757 Catullus
665 2713 802 2756 verbo
835 2711 1113 2755 ‘renuntiate’
1153 2726 1236 2771 pro
1267 2711 1492 2756 ‘nuntiate’
1536 2727 1641 2755 usus
