1848 2944
897 79 952 123 14

168 206 232 266 (p.
259 205 381 264 125):
430 205 644 265 ‘explicat
674 228 731 238 -—
757 230 815 239 ——-
842 195 931 250 hoe
970 205 1167 251 carmine
1206 212 1341 265 poeta
1375 219 1572 251 amorem
1602 218 1672 251 re-

166 279 421 324 nuntiatum
457 279 563 325 inde
596 280 717 341 quod
758 280 934 325 animus
972 296 1079 326 suus
1118 280 1274 325 dolore
1306 280 1571 340 gravissimo
1598 280 1674 325 ad—

167 355 312 399 fectus
342 355 570 399 amoribus
595 361 642 398 et
669 355 865 400 laetitiae
897 370 945 399 se
968 354 1136 400 dedere
1151 355 1362 416 inpotens
1379 356 1527 401 fuerit.
1548 366 1672 415 quae

174 428 417 487 explicatio
453 435 615 488 poetae
656 429 798 489 ipsius
833 440 997 475 vereor
1027 436 1079 474 ut
1114 430 1235 476 omni
1276 445 1333 475 ex
1370 436 1498 491 parte
1538 431 1673 477 rebus

170 502 279 561 ipsis
309 509 413 561 apta
448 509 493 546 et
524 510 824 546 consentanea
856 503 928 546 ait.
959 503 1099 547 multo
1131 507 1284 548 eontra
1303 504 1401 548 veri
1426 504 1615 548 similius
1633 504 1673 546 ei

168 576 244 636 qui
273 576 595 636 praecedentia
620 577 741 637 apud
769 591 819 623 se
849 577 1073 637 reputavit
1097 577 1325 623 videbitur
1345 577 1573 623 Catullum
1603 577 1672 622 cui

165 650 336 693 Manlio
366 656 412 695 et
438 665 593 696 veram
623 651 789 697 amoris
804 652 998 697 Lesbiae
1015 651 1207 711 depositi
1237 666 1438 697 caussam
1464 651 1667 711 profiteri

166 732 211 769 ct
241 724 319 769 illo
352 724 436 770 sibi
475 731 661 785 propter
696 725 816 771 idem
854 724 1093 771 discidium
1123 725 1430 773 infelicissimo
1462 733 1666 785 tempore

163 799 408 859 inportune
438 801 611 860 petenti
641 801 747 844 satis
778 801 929 846 facere
960 815 1099 860 grave
1132 807 1176 844 et
1206 801 1442 846 molestum
1473 801 1571 859 fuit,
1605 816 1672 845 re·

167 874 440 920 cusationem
472 891 596 920 suam
628 874 784 920 dolore
819 875 875 921 de
906 875 1057 921 fratris
1085 881 1230 921 morte
1260 882 1414 922 vetere
1447 892 1576 936 quam
1608 875 1673 934 (id

168 948 287 1008 quod
322 949 452 993 unice
482 964 642 992 verum
673 949 849 1005 fuisset)
895 942 1051 994 dolore
1089 950 1261 994 recenti
1292 964 1351 994 ex
1380 949 1571 994 Lesbiae
1602 964 1671 993 re-

166 1022 305 1082 pudio
334 1023 514 1068 residuo
551 1039 767 1069 excusare
801 1023 1039 1069 maluisse'.

286 1095 371 1141 Cui
406 1097 654 1142 sententiae
697 1098 904 1158 equidem
940 1113 1116 1159 nequeo
1149 1098 1380 1143 accedere.
1443 1096 1536 1154 (Of.
1568 1098 1672 1143 Rib-

167 1171 378 1217 beckium
408 1172 438 1217 1.
467 1172 495 1216 l.
526 1189 570 1233 p.
594 1172 684 1230 57).
744 1172 816 1217 Ex
846 1186 887 1217 v.
907 1173 959 1217 13
990 1169 1199 1218 carminis
1229 1171 1457 1218 LXVIII²
1487 1169 1674 1232 ‘Accipe

172 1244 272 1304 quis
302 1258 476 1289 merser
505 1246 711 1290 fortunae
744 1243 953 1290 fluctibus
984 1244 1092 1306 ipse’
1130 1252 1251 1290 certo
1281 1245 1587 1304 colligendum
1607 1251 1676 1290 est

169 1319 339 1364 Manlio
370 1326 561 1363 mortem
599 1319 749 1364 fratris
788 1319 989 1364 nondum
1022 1319 1160 1364 fuisse
1191 1326 1365 1377 notam,
1408 1318 1674 1364 incredibile

169 1392 313 1452 igitur
342 1399 409 1437 est
439 1393 578 1437 multo
607 1399 710 1453 post
736 1392 853 1438 hanc
876 1399 1066 1437 mortem
1087 1407 1123 1437 c.
1139 1391 1413 1438 LXXVIIP
1443 1406 1542 1438 csse
1563 1392 1670 1437 scri-

168 1474 316 1527 ptum,
359 1481 459 1513 cum
497 1483 589 1513 non
626 1468 771 1512 solum
816 1483 874 1511 ex
911 1467 997 1511 hoc
1030 1467 1225 1511 carmine
1252 1482 1409 1512 verum
1445 1466 1582 1512 etiam
1615 1481 1674 1512 ex

173 1558 211 1586 c.
240 1542 352 1587 LXI
379 1548 593 1603 appareat
624 1550 789 1601 quanta
819 1542 1117 1586 familiaritate
1145 1535 1338 1586 Manlius
1373 1557 1472 1586 cum
1496 1540 1673 1586 Catullo

169 1618 434 1661 coniunctus
464 1615 601 1660 fuerit
634 1616 752 1674 quod
783 1615 941 1660 suadet
971 1621 1021 1660 ut
1041 1617 1277 1675 opinemur
1291 1615 1424 1675 paulo
1442 1620 1543 1673 post
1557 1628 1672 1659 mor-

168 1698 259 1735 tem
290 1691 440 1735 fratris
462 1690 687 1736 ¹Manlium
723 1688 781 1734 dc
814 1691 900 1734 hoc
943 1689 1059 1734 tristi
1104 1695 1265 1747 eventu
1306 1689 1543 1734 certiorem
1573 1700 1673 1743 esse

165 1766 349 1809 factum:
382 1764 547 1809 deinde
576 1764 757 1810 videtur
772 1764 1058 1812 Schwabium
1087 1762 1260 1824 fugisse
1293 1763 1522 1810 Catullum
1550 1762 1673 1807 dolo-

165 1854 260 1884 rem
293 1855 422 1884 suum
453 1839 508 1884 de
536 1838 729 1884 Lesbiae
759 1838 1033 1884 infidelitate
1054 1850 1093 1883 c.
1110 1836 1335 1883 LXV111³
1360 1854 1400 1882 v.
1419 1838 1477 1882 30
1506 1834 1671 1883 libere

165 1913 382 1971 confiteri,
412 1914 631 1958 Manlium
661 1914 809 1974 ipsum
838 1908 930 1958 non
950 1912 1164 1970 ignorare
1190 1912 1353 1957 statum
1372 1911 1535 1957 amoris
1552 1911 1672 1956 illius

165 1987 341 2043 (v.27):
374 1988 490 2031 adde
524 1988 644 2047 quod
672 1987 911 2047 indignum
943 1992 1010 2030 est
1039 1986 1276 2030 verissimo
1309 1984 1479 2030 Catulli
1508 1985 1555 2029 in
1583 1984 1671 2029 fra-

165 2067 281 2105 trem
312 2075 463 2106 amore
491 2061 581 2105 tale
613 2061 655 2105 ei
685 2060 907 2119 imputare
938 2058 1218 2104 mendacium
1245 2073 1332 2117 quo
1356 2065 1500 2103 morte
1522 2059 1671 2104 fratris

165 2136 331 2180 abusus
362 2136 423 2179 sit
448 2135 655 2194 turpiter.
686 2159 740 2167 ——-
772 2134 875 2180 Stet
904 2134 1044 2193 igitur
1071 2133 1203 2177 nobis
1234 2133 1455 2177 sententia
1482 2144 1534 2177 re
1564 2147 1672 2176 vera

164 2209 346 2254 fratrem
383 2208 552 2254 Catulli
577 2209 731 2270 paullo
775 2215 878 2253 ante
916 2209 1031 2253 hanc
1072 2207 1306 2268 epistolam
1344 2207 1399 2266 (c.
1424 2206 1672 2265 LXVIIP)

164 2291 392 2328 mortuum
424 2299 522 2329 ease
553 2299 641 2344 quo
674 2284 834 2328 dolore
846 2283 1114 2342 gravissime
1131 2288 1397 2329 commotum
1427 2281 1573 2341 primo
1601 2294 1672 2325 va-

165 2357 384 2403 ledixisse
412 2364 595 2419 poetam
623 2358 764 2403 amori
793 2357 1001 2415 Lesbiae,
1033 2356 1107 2417 qui
1131 2356 1220 2403 iam
1251 2356 1454 2401 turbatus
1484 2361 1581 2400 erat
1607 2355 1670 2399 in-

163 2431 381 2478 fidelitate
411 2432 548 2487 illius,
583 2432 696 2477 adeo
731 2447 841 2476 vero
871 2431 991 2475 hune
1025 2444 1223 2475 amorem
1253 2429 1493 2474 increvisse
1524 2429 1673 2475 animo

164 2510 326 2568 poetae
358 2513 408 2550 ut
438 2506 674 2550 consilium
702 2506 818 2550 illud
846 2503 1084 2550 abiiciendi
1114 2503 1275 2548 amoris
1304 2520 1394 2548 non
1424 2503 1500 2568 diu
1519 2509 1671 2562 posset

165 2580 337 2626 servari
367 2587 417 2625 ut
454 2581 789 2641 red-introgaret
828 2586 963 2639 poeta
997 2577 1365 2624 consuetudinem
1409 2593 1533 2623 suam
1569 2590 1671 2622 cum

165 2654 343 2713 Lesbia,
377 2671 491 2715 quae
521 2656 796 2701 consuetudo
827 2656 972 2714 qualis
1000 2655 1138 2699 fuerit
1168 2670 1221 2699 eo
1237 2662 1549 2713 temporeque
1566 2651 1672 2696 scri-

165 2730 256 2791 psit
285 2737 419 2791 poeta
446 2748 488 2779 c.
515 2731 746 2777 LXVIIIb
778 2730 928 2776 elucet
957 2745 1013 2776 ex
1045 2745 1116 2775 vv.
1149 2730 1233 2775 135
1245 2744 1341 2789 sqq.
