1848 2944
861 99 914 144 19

139 211 460 277 ‹IemLesbiam
491 226 757 284 designandi
784 225 896 269 ratio
928 224 1120 269 recurrit
1136 224 1185 280 ¹).
1214 225 1286 270 Ita
1315 238 1423 269 vero
1450 224 1489 268 si
1517 225 1636 268 inter

137 312 363 367 pretamur
394 302 529 369 verba
560 299 739 345 ‘Lesbia
767 299 930 344 nostra’
973 299 1178 343 videmus
1210 314 1373 343 nomen
1403 298 1558 345 ‘Caeli’
1590 299 1638 343 in

140 379 283 441 capite
305 375 511 421 carminis
527 374 688 419 LVIII
706 374 820 417 hanc
848 373 1015 417 habere
1032 373 1122 416 vim
1152 380 1201 417 ut
1232 373 1273 416 ei
1299 373 1471 417 crimini
1503 373 1635 416 tacite

140 454 271 497 detur
306 450 425 510 quod
457 447 614 493 Lesbia
639 447 751 491 adeo
784 447 1139 505 degeneraverit.
1203 446 1287 491 Oui
1320 447 1505 491 carmini
1534 462 1636 490 cum

139 525 302 585 gaudio
340 524 530 584 quodam
572 521 761 582 subiecit
790 528 922 580 poeta
953 536 1130 565 carmen
1158 520 1282 578 LIX,
1322 520 1442 565 unde
1488 521 1636 565 elucet

138 616 227 645 non
255 600 399 643 minus
430 613 561 656 quam
588 595 796 640 Lesbiam
811 594 1012 638 Caelium
1041 595 1285 639 removisse
1316 609 1363 638 se
1394 611 1419 638 a
1448 594 1635 654 pristino

139 676 331 731 decore..
373 672 493 717 Hinc
525 676 710 730 apparet
741 669 896 712 falsam
926 683 1022 712 csse
1039 668 1275 712 Ribbeckii
1303 668 1364 727 (p.
1380 668 1456 724 56)
1490 669 1632 728 expli-

140 739 360 792 cationem
392 745 522 789 huius
553 743 774 788 carminis.
805 769 861 775 —-
880 743 977 788 Tali
1003 746 1111 786 vero
1143 742 1314 786 ratione
1343 757 1429 801 qua
1457 742 1639 795 insimu2

72 818 75 819 ⁷
139 821 221 865 lari
271 819 476 865 Caelium
524 818 719 862 carmine
749 816 904 862 LVIII
935 817 1241 862 demonstrare
1272 816 1518 861 studuimus
1547 832 1639 861 non

141 881 286 955 potuit
314 893 547 951 increpare
571 892 772 937 Catullus
802 891 1029 936 hominem
1061 891 1191 936 illum
1220 891 1306 935 nisi
1336 891 1371 935 si
1402 892 1440 936 is
1468 892 1639 951 primus

82 1019 87 1023 ,
145 969 401 1028 corruperat
417 966 638 1010 Lesbiam.
671 965 794 1023 Ergo
826 966 911 1008 iam
941 965 1038 1009 iure
1070 962 1237 1024 optimo
1268 982 1502 1025 possumus
1533 981 1638 1011 con-

139 1043 324 1086 tendere
356 1041 549 1085 carmine
582 1038 747 1097 LXXI,
801 1040 920 1097 quod
961 1039 1006 1082 in
1047 1039 1240 1099 primum
1281 1041 1504 1085 aemulum
1535 1040 1639 1085 scri-

139 1123 264 1175 ptum
294 1131 391 1159 esse
421 1131 554 1173 supra
586 1115 775 1173 probare
807 1116 950 1158 conati
980 1130 1145 1172 sumus,
1167 1114 1319 1157 invehi
1338 1114 1565 1159 Catullum
1592 1115 1638 1158 in

143 1189 346 1234 Caelium
375 1189 557 1244 Rufum,
599 1188 718 1248 quod
758 1203 811 1232 co
853 1195 1087 1247 praeterea
1129 1187 1314 1246 egregie
1355 1189 1639 1233 confirmatur

146 1264 264 1321 quod
299 1263 577 1321 itemuRufus
607 1262 732 1306 hirco
763 1263 990 1307 laborabat
1022 1262 1211 1320 (LXIX,
1236 1263 1282 1319 6)
1320 1269 1452 1321 atque
1483 1263 1561 1308 ille
1591 1264 1639 1307 in

141 1352 273 1396 quem
304 1354 342 1381 c.
359 1337 518 1382 LXXI
551 1337 764 1397 scriptum
799 1344 865 1381 est
897 1337 971 1395 (cf.
991 1353 1033 1382 v.
1051 1336 1112 1395 1).
1171 1337 1288 1382 Nam
1320 1338 1357 1381 si
1391 1338 1490 1396 quis
1519 1338 1639 1383 dicet

138 1413 251 1455 male
281 1412 500 1469 quadrare
530 1427 566 1455 c.
581 1411 751 1468 LXIX,
770 1412 807 1455 1.
824 1412 865 1455 2.

308 1486 414 1530 Noli
444 1486 667 1542 admirari,
700 1491 836 1544 quare
866 1486 948 1528 tibi
975 1485 1140 1528 femina
1169 1485 1306 1543 nulla,

367 1559 500 1615 Rufe,
529 1559 639 1603 velit
669 1565 869 1603 tenerum
904 1559 1188 1619 supposuisse
1217 1560 1362 1603 femur

139 1634 194 1677 ad
222 1649 259 1677 c.
275 1633 430 1677 LXXI
458 1633 578 1677 unde
606 1640 817 1693 appareat
851 1648 952 1680 eum
982 1633 1027 1677 in
1057 1649 1190 1693 quem
1220 1634 1306 1678 hoc
1330 1650 1509 1679 carmen
1531 1636 1635 1680 scri-

140 1713 265 1765 ptum
295 1707 353 1753 sit
382 1723 477 1752 rem
508 1708 673 1752 habere
706 1724 804 1751 cum
820 1707 983 1752 Lesbia
1013 1708 1049 1752 is
1080 1708 1333 1753 meminerit
1362 1709 1408 1753 in
1440 1710 1635 1754 eundem

138 1783 317 1841 Rufum,
357 1783 403 1827 in
444 1785 576 1841 quem
616 1784 730 1827 illud
767 1798 949 1827 carmen
986 1784 1154 1840 LXIX,
1201 1799 1380 1828 carmen
1409 1785 1637 1830 LXXVII

140 1872 316 1914 quoque
365 1858 579 1917 scriptum
631 1872 748 1915 csse,
803 1857 960 1901 excedi
1011 1857 1150 1916 igitur
1200 1858 1403 1903 veritatis
1455 1860 1638 1904 modum

141 1947 177 1975 c.
194 1930 361 1976 LXIX.

257 2006 418 2051 Insunt
436 2021 544 2051 vero
578 2007 624 2051 in
647 2022 685 2050 c,
701 2005 857 2051 LXIX
889 2006 1055 2049 indicia
1083 2006 1130 2050 in
1160 2007 1444 2052 aemulum
1474 2008 1641 2053 Rufum

140 2079 222 2123 hoc
260 2096 439 2126 carmen
467 2096 565 2125 esse
593 2067 832 2142 scriptum:
880 2080 1057 2124 turbata
1087 2081 1266 2125 demum
1300 2082 1490 2126 amicitia
1521 2083 1641 2128 inter

142 2152 363 2199 Catullum
392 2155 646 2214 Rufumque
684 2162 831 2199 ortum
878 2170 975 2199 esse
1021 2155 1106 2199 hoc
1147 2171 1327 2200 carmen
1366 2157 1464 2216 ipse
1502 2163 1636 2201 tenor

277 2354 304 2401 ¹)
325 2354 413 2390 Mea
436 2353 567 2401 puella
585 2354 729 2400 11,2111‚
754 2354 819 2397 XI,
845 2353 948 2397 XIII,
977 2353 1136 2391 XXXVI
1162 2365 1249 2394 mea.
1261 2352 1402 2390 Lesbia
1419 2352 1462 2397 V,
1487 2353 1637 2397 LXXV,

137 2417 345 2456 LXXXVII
367 2419 508 2457 Lesbia
532 2419 615 2463 VH,
641 2419 704 2463 LI,
730 2418 871 2456 LXXII
894 2421 970 2456 etc.
994 2418 1124 2466 puella
1136 2418 1325 2462 XXXVII,
1339 2418 1518 2458 LXXVII
1542 2423 1639 2457 ‘mea

139 2483 228 2519 vita'
256 2484 348 2529 CIV,
380 2485 474 2522 CIX.
498 2506 546 2513 —
570 2486 675 2521 Haec
706 2471 798 2521 itero
831 2496 967 2520 norma
1002 2487 1062 2520 est
1097 2496 1212 2520 causa
1245 2496 1314 2520 cur
1338 2483 1536 2521 Schwabio
1561 2497 1640 2522 non

139 2550 281 2593 possim
304 2551 487 2590 assentiri
512 2552 577 2598 qui
601 2550 831 2592 iudicaverit
857 2550 909 2597 (p.
927 2549 988 2598 82)
1014 2561 1169 2586 carmen
1191 2549 1257 2585 XL
1283 2549 1332 2585 ad
1356 2549 1519 2587 Lesbiae
1537 2562 1639 2587 amo·

138 2624 219 2649 rem
246 2618 440 2661 spectare,
480 2616 624 2652 locutio
653 2614 755 2654 enim
781 2619 897 2651 ‘meos
928 2615 1089 2651 amores'
1119 2614 1198 2658 XL,
1227 2617 1248 2650 7
1285 2614 1441 2651 videtur
1477 2616 1638 2652 suadere

139 2679 182 2712 ut
204 2678 278 2716 hoc
305 2692 459 2718 carmen
482 2682 533 2719 ad
557 2682 775 2719 Iuventium
798 2680 1008 2717 referamus
1037 2679 1102 2727 qui
1125 2680 1181 2717 ita
1206 2680 1311 2718 haud
1333 2681 1450 2718 dubi'e
1463 2682 1639 2730 designa·

139 2743 203 2778 tur
226 2744 305 2791 XV,
336 2749 368 2785 1.
393 2747 493 2793 XXI,
517 2749 553 2785 4.
627 2748 629 2750 ’
