1848 2944
952 55 1009 100 22

230 178 460 224 cuiusdam
493 181 661 225 codicis
680 170 915 240 archetypi
944 180 1136 238 LXXV,
1161 182 1325 224 l·vero
1354 180 1401 224 in
1429 180 1605 225 initium
1621 181 1733 226 alius

227 255 458 300 cuiusdam
473 257 667 317 paginae
683 257 908 302 incidisse.
943 255 1153 302 Carmina
1178 255 1734 301 LXXVII—LXXXVII

231 333 366 389 (quae
406 331 603 375 carmina
646 331 754 376 duas
796 331 984 392 paginas
1025 331 1234 389 implent)
1279 331 1508 375 continere
1553 329 1733 390 quidem

228 405 465 465 sexaginta
497 413 599 451 octo
635 422 793 451 versus
824 405 946 464 quod
975 405 1119 449 videri
1150 395 1417 464 'repugnare
1460 405 1734 451 Lachmanni

226 479 477 524 sententiae
506 480 583 538 qui
614 479 822 523 iudicarit
852 479 1051 537 singulas
1082 478 1269 538 paginas
1298 478 1345 523 in
1376 478 1472 522 cod.
1503 479 1623 524 arch.
1651 478 1730 523 tri-

230 569 367 599 cenos
400 553 674 598 continuisse
700 568 884 598 versus:
929 553 1009 597 sed
1052 553 1166 596 hanc
1201 552 1398 612 speciem
1427 558 1600 597 tantum
1635 568 1734 598 esse

226 627 558 683 declinationis3
579 643 679 671 cum
698 627 817 671 enim
832 627 880 671 in
897 627 1125 671 codicibus
1143 626 1305 670 nostris
1323 641 1458 670 carm.
1473 626 1734 684 LXXXIV,

226 701 270 756 3,
286 703 314 744 4
349 701 424 757 (Et
454 708 548 746 tum
579 701 784 758 mirifice,
805 701 920 747 Cum
943 700 1177 759 quantum)
1208 701 1319 745 falso
1348 706 1449 760 post
1466 716 1507 745 v,
1527 701 1582 745 10
1599 700 1735 758 (Cum

226 776 393 833 subito)
428 776 559 821 huius
581 776 802 833 carminis,
829 774 1068 832 LXXVII,
1090 776 1231 827 ἰ’-10
1258 775 1370 831 (Sed
1393 775 1735 835 nunc-loquatur

226 854 355 905 anus)
390 851 504 895 falso
523 857 625 910 post
641 867 679 895 c.
699 841 952 894 LXXVIII
981 850 1237 912 transpositi
1268 856 1431 906 essent,
1462 849 1735 895 credendum

226 939 325 969 esse
357 924 459 969 illas
487 931 639 983 partes
668 925 723 969 ab
756 939 808 969 eo
846 925 921 982 qui
965 925 1077 984 cod„
1108 924 1226 968 arch.
1269 924 1542 984 scripsisset,
1588 924 1733 983 primo
1786 940 1788 942 ·

226 999 410 1043 omissas
443 999 609 1043 deinde
638 1000 684 1043 in
715 999 919 1059 margine
951 999 1139 1058 scriptas
1183 1014 1296 1055 esse,
1339 999 1460 1043 unde
1503 1013 1580 1043 eae
1610 1005 1733 1043 ortae

229 1080 379 1118 essent
424 1074 808 1134 transpositiones.
867 1075 1016 1132 Igitur
1061 1080 1229 1119 restare
1275 1089 1511 1119 numerum
1540 1073 1598 1118 62
1636 1088 1734 1117 ver-

229 1163 362 1192 suum
396 1148 472 1205 qui
499 1148 555 1192 ad
578 1148 635 1193 60
661 1163 818 1193 versus
847 1149 978 1193 facile
998 1155 1180 1208 possent
1202 1148 1350 1207 redigi
1383 1148 1419 1194 si
1448 1162 1734 1193 censeremus

230 1222 424 1266 eundem
450 1222 680 1267 librarium
708 1223 802 1268 sive
824 1223 1014 1267 alterum
1035 1223 1129 1267 sivc
1161 1223 1344 1267 tertium
1370 1222 1606 1266 distichum
1641 1238 1734 1266 car-

231 1296 362 1340 minis
408 1296 666 1342 LXXVIII
711 1286 899 1354 quorum
947 1297 1091 1356 capita
1130 1296 1355 1340 simillima
1400 1302 1549 1341 essent
1586 1295 1732 1356 primo

229 1370 432 1415 omisisse
464 1370 628 1415 deinde
658 1371 704 1415 in
729 1371 932 1430 margine
962 1371 1178 1431 posuisse.
1209 1397 1267 1404 —-
1298 1370 1467 1416 Contra
1484 1370 1733 1415 Lachman-

227 1461 335 1488 num
365 1445 698 1504 Hauptiumque
729 1446 958 1505 complura
986 1446 1160 1490 monuit
1186 1446 1413 1503 Bergkius
1451 1444 1593 1502 (Zwei
1640 1443 1734 1489 Ge-

229 1518 380 1564 dichte
414 1519 602 1565 Catull’s
634 1520 794 1566 Rhein.
828 1521 888 1566 M.
918 1538 962 1564 n.
997 1520 1048 1564 F.
1079 1520 1167 1564 XV
1199 1536 1241 1578 p.
1276 1519 1524 1579 507—513)
1559 1519 1734 1579 primo:

227 1593 329 1637 illos
364 1599 569 1651 quattuor
611 1610 768 1639 versus
807 1596 882 1653 qui
919 1596 966 1638 in
1010 1595 1139 1639 codd.
1170 1602 1283 1655 post.
1317 1611 1352 1638 c.
1384 1593 1633 1638 LXXVIII
1670 1594 1734 1637 in-

229 1667 492 1712 venirentur
519 1667 630 1723 (Sed
660 1684 777 1713 nunc
803 1668 849 1712 id
882 1668 1013 1714 doleo
1037 1684 1075 1713 e.
1093 1686 1133 1728 q.
1162 1669 1218 1725 s.)
1266 1684 1357 1712 non
1385 1674 1487 1728 apte
1521 1667 1735 1726 coniungi

228 1757 332 1785 cum
363 1757 498 1787 carm.
529 1741 773 1798 LXXVII,
803 1759 906 1787 nam
937 1749 980 1787 et
1010 1758 1195 1801 prorsus
1226 1743 1477 1787 absolutum
1521 1756 1619 1786 esse
1648 1741 1734 1786 hoc

229 1831 410 1861 carmen
439 1833 480 1860 v,
505 1818 532 1861 6
562 1832 710 1875 neque
734 1818 790 1861 ad
821 1817 1086 1862 sententiam
1114 1818 1250 1862 totius
1283 1818 1491 1862 carminis
1512 1817 1731 1875 quadrare

228 1890 343 1935 illud
384 1891 657 1952 vituperium
706 1893 824 1951 quod
867 1908 1022 1938 versus
1064 1893 1132 1936 illi
1175 1899 1380 1951 quattuor
1422 1892 1728 1948 continerent3

228 1971 385 2009 contra
417 1967 645 2025 aptissime
675 1968 889 2024 coniungi
920 1968 1003 2011 hos
1033 1983 1189 2011 versus
1219 1984 1318 2011 cum
1349 1984 1384 2010 c.
1405 1967 1596 2011 LXXX.
1627 1967 1732 2022 Qui-

229 2042 311 2085 bus
345 2041 556 2099 equidem
588 2041 832 2086 obiecerim
863 2058 900 2086 c.
930 2031 1162 2086 LXXVII
1191 2057 1399 2085 mancum
1428 2056 1525 2085 esse
1555 2041 1640 2085 nisi
1665 2040 1730 2084 illi

228 2120 438 2172 quattuor
460 2130 618 2159 versus
639 2116 947 2171 sufficiantur,
981 2131 1076 2159 cum
1109 2115 1156 2158 in
1186 2130 1266 2159 sex
1287 2115 1377 2159 illis
1405 2114 1608 2158 versibus
1638 2121 1735 2158 tan—

227 2195 321 2232 tum
350 2189 517 2232 formae
539 2190 771 2249 praeteriti
800 2190 1015 2248 temporis
1039 2189 1323 2233 inveniantur
1353 2188 1603 2248 ‘subrepsti’
1636 2188 1734 2232 ‘eri—

226 2263 375 2323 puisti’
410 2266 468 2319 (ν.
501 2263 748 2324 Hauptium
778 2264 807 2308 l.
826 2264 855 2308 l.
888 2281 931 2324 p.
954 2264 1009 2307 38
1042 2264 1117 2322 qui
1149 2264 1234 2307 hoc
1265 2269 1530 2321 argumento
1563 2263 1732 2323 primus

225 2342 462 2400 ingeniose
498 2358 606 2386 usus
639 2349 707 2387 est
746 2343 968 2387 disserens
1007 2343 1063 2386 dc
1101 2358 1257 2386 manco
1298 2343 1494 2387 carmine
1526 2342 1733 2398 LXXV),

227 2430 372 2475 neque
415 2416 553 2460 ullam
584 2416 744 2460 iustam
777 2417 1071 2462 offensionem
1111 2417 1278 2460 habere
1304 2416 1512 2460 carminis
1550 2416 1628 2459 illa
1665 2432 1732 2460 ra-

228 2491 351 2533 tione
386 2490 681 2548 conglutinati
712 2492 970 2547 clausulam,
1003 2491 1082 2535 sed
1112 2505 1210 2534 esse
1240 2490 1354 2533 hanc
1386 2490 1527 2550 ipsam
1560 2490 1730 2534 clausu-

227 2564 318 2607 lam
350 2563 476 2608 cuius
508 2569 637 2608 tenor
669 2579 776 2608 sane
806 2565 994 2609 multum
1024 2564 1158 2608 distet
1187 2580 1212 2607 a
1241 2564 1443 2608 versibus
1471 2563 1730 2607 anteceden-

226 2637 345 2681 tibus
376 2637 689 2695 gravissimum
723 2638 1026 2683 testimonium
1059 2638 1192 2681 animi
1227 2644 1461 2681 vementer
1498 2636 1728 2680 concussi:

227 2717 382 2754 contra
415 2727 453 2753 c.
480 2711 656 2755 LXXX
690 2729 729 2756 V.
750 2713 777 2755 8
802 2713 1055 2757 absolutum
1087 2727 1199 2768 csse,
1221 2710 1465 2755 subiunctis
1485 2726 1591 2757 vero
1625 2710 1730 2755 illiis
