1848 2944
870 94 927 138 35

53 276 59 280 ,
202 237 335 267 carm.
367 221 445 278 LI,
477 221 613 264 1—7:
666 227 670 231 '

126 305 130 308 ·
530 293 616 338 Ille
646 292 704 336 mi
740 302 821 351 par
852 306 951 336 csse
982 292 1066 336 deo
1098 292 1277 336 videtur

530 368 631 425 Ille,
665 367 701 412 si
733 368 798 411 fas
831 373 912 424 est,
939 381 1151 426 superare
1180 366 1320 424 divos,

530 442 620 498 Qui
651 442 811 486 sedens
843 442 1056 485 adversus
1087 441 1331 485 identidem
1360 448 1405 484 te

530 517 715 577 Spectat
740 522 784 561 et
815 516 957 566 audit,
1111 533 1133 560 ο

526 592 674 636 Dulce
705 591 926 636 ridentem
958 616 1010 623 -—
1052 616 1110 623 -—-
1138 590 1311 635 Lesbia.

200 683 335 713 carm.
365 667 549 712 LVIII:

400 731 403 735 ’
528 739 657 786 Caeli
685 738 849 784 Lesbia
878 745 1030 784 nostra
1062 765 1118 772 —-
1151 764 1210 772 -

526 812 659 858 Nunc
686 813 732 856 in
763 813 1003 870 quadriviis
1032 820 1077 857 et
1107 812 1353 872 angiportis

530 888 689 935 Glubit
716 888 1023 947 magnanimos
1054 887 1183 933 Remi
1216 893 1416 946 nepotes.

257 966 359 1009 Hoc
389 964 533 1023 primo
569 970 753 1023 aspectu
782 969 981 1022 apparet,
1025 962 1220 1005 carmina
1252 961 1314 1017 II,
1345 962 1429 1017 III,
1459 962 1517 1019 V,
1548 963 1645 1005 VII

142 1039 285 1099 primo
317 1039 508 1098 tempori
537 1038 702 1082 amoris
720 1036 908 1081 Lesbiae
934 1036 1169 1081 tribuenda
1191 1051 1303 1093 esse,
1321 1036 1517 1080 carmina
1535 1051 1643 1080 vero

142 1112 212 1158 XI
238 1119 283 1155 et
315 1111 472 1155 LVIII
499 1111 669 1155 ultimo.

256 1185 629 1245 Iungclaussenus
663 1186 724 1245 (p.
743 1186 815 1241 16)
848 1191 893 1228 et
909 1184 1171 1232 Schwabius
1205 1184 1267 1244 (p.
1291 1184 1391 1239 128)
1423 1201 1500 1229 cur
1532 1184 1642 1228 iudi-

144 1260 285 1305 carint
314 1276 448 1304 carm.
471 1260 541 1304 XI
571 1260 787 1318 scriptum
814 1273 916 1303 csse
947 1265 1048 1317 post
1079 1274 1214 1303 carm.
1241 1258 1406 1303 LVIII
1435 1258 1642 1317 equidem

142 1348 315 1392 nequeo
348 1334 616 1394 perspicere.
675 1332 791 1377 Nam
824 1348 915 1377 non
943 1338 1010 1376 est
1038 1331 1134 1376 veri
1164 1332 1308 1376 simile
1337 1338 1429 1376 tum
1462 1333 1641 1377 demum

144 1408 399 1453 discessisse
430 1423 612 1466 prorsus
647 1406 875 1451 Catullum
904 1423 929 1450 a
959 1395 1135 1450 Lesbia>
1158 1422 1259 1450 cum
1301 1406 1381 1450 illa
1423 1406 1511 1450 iam
1542 1423 1643 1451 cum

142 1482 294 1527 infima
332 1482 464 1526 sorde
497 1487 821 1526 consuesceret.
891 1480 1104 1524 Proxime
1141 1487 1242 1524 ante
1290 1497 1425 1526 carm.
1443 1482 1514 1527 XI
1547 1498 1642 1526 car-

143 1571 248 1600 men
274 1556 507 1601 XXXVII
543 1556 720 1599 videtur
766 1570 864 1599 esse
903 1555 1121 1614 scriptum
1163 1571 1265 1598 nam
1309 1555 1562 1599 simillimae
1596 1557 1644 1599 in

136 1637 330 1689 utroque
362 1630 559 1675 carmine
595 1636 835 1674 occurrunt
867 1629 1163 1673 contumeliae
1195 1629 1371 1687 (confer
1399 1629 1644 1687 XXXVII,

137 1705 177 1749 6.
206 1705 230 1747 7
260 1706 354 1750 ‘An
385 1705 666 1748 continenter
698 1704 818 1761 quod
850 1703 1017 1748 sedetis
1050 1703 1206 1747 insulsi
1246 1703 1438 1748 Centum
1479 1721 1534 1749 an
1567 1705 1644 1748 du-

137 1779 258 1824 centi
287 1780 355 1812 —-’
393 1779 605 1823 cumillis
636 1778 839 1823 versibus
880 1777 1091 1822 carminis
1123 1778 1194 1823 XI
1240 1793 1350 1835 quos
1397 1794 1530 1838 supra
1572 1795 1645 1825 ex-

135 1852 328 1913 scripsi),
366 1853 541 1896 accedit
576 1851 696 1910 quod
729 1858 911 1911 praeter
948 1852 1034 1896 hoc
1065 1867 1198 1895 carm.
1216 1853 1287 1897 XI
1324 1854 1497 1903 nullum
1528 1861 1645 1898 atro·

136 1926 230 1970 cius
260 1926 307 1969 in
338 1925 548 1970 Lesbiam
581 1940 760 1969 carmen
795 1926 972 1986 scripsit
994 1925 1209 1971 Catullus.
1269 1928 1342 1972 De
1373 1928 1642 1973 carminibus

133 1999 293 2044 XLIII
329 2005 372 2043 et
409 1999 473 2044 LI
513 1999 603 2043 iam
643 2015 777 2059 supra
816 1999 1105 2045 disseruimus
1147 2003 1209 2060 (p.
1231 2000 1300 2045 28.
1327 2001 1418 2058 29),
1464 2017 1645 2047 carmen

134 2073 295 2118 XLIII
322 2089 413 2118 non
447 2088 543 2118 esse
575 2073 835 2133 addendum
867 2074 1137 2119 carminibus
1164 2075 1254 2119 illis
1286 2076 1350 2131 11,
1371 2076 1456 2132 III,
1473 2076 1530 2131 V,
1551 2075 1645 2120 VII

136 2162 247 2205 quae
274 2148 420 2209 primo
454 2154 659 2208 tempore
689 2149 853 2194 amoris
885 2148 1076 2193 Lesbiae
1111 2150 1278 2209 scripta
1300 2156 1463 2206 essent,
1495 2165 1644 2207 neque

136 2221 193 2265 de
224 2222 415 2266 carmine
444 2222 507 2266 LI
537 2222 717 2279 quidem
748 2223 834 2266 hoc
879 2230 1051 2267 certum
1095 2238 1206 2267 esse.
1281 2224 1346 2270 Ut
1392 2239 1499 2267 vcro
1545 2240 1644 2267 cum

134 2294 375 2341 Schwabio
404 2299 468 2357 (p.
485 2296 589 2355 359)
622 2296 753 2340 dulce
783 2312 919 2341 carm.
936 2296 1101 2342 XLIII
1131 2304 1235 2357 post
1262 2314 1393 2343 carm.
1411 2298 1643 2343 XXXVII

134 2371 346 2431 scriptum
379 2386 474 2418 esse
500 2378 654 2432 putem
683 2372 891 2431 equidem
922 2389 948 2417 a
982 2388 1052 2417 me
1072 2388 1162 2417 non
1183 2388 1364 2431 possum
1382 2362 1640 2433 impetrare.

133 2446 206 2490 De
238 2447 506 2493 carminibus
535 2447 653 2510 VIII
686 2453 731 2492 et
760 2447 969 2492 XXXVI
1000 2447 1114 2492 infra
1146 2462 1345 2505 agemus.
1423 2447 1642 2506 Magnum

135 2522 379 2565 carminum
407 2536 642 2566 numerum
674 2520 924 2565 desiderari
967 2522 1013 2565 in
1042 2528 1168 2581 parte
1201 2522 1342 2581 prima
1372 2536 1455 2581 per
1485 2537 1534 2565 se
1566 2538 1640 2581 ap-

133 2601 262 2653 paret
308 2595 458 2641 elucet
500 2595 606 2641 vei-o
651 2602 773 2641 certo
817 2611 876 2641 ex
906 2612 1038 2641 carm.
1054 2596 1299 2652 XXXVII,
1335 2596 1387 2640 13
1420 2596 1525 2640 ‘Pro
1556 2611 1643 2654 qua

137 2669 247 2713 mihi
292 2677 395 2716 sunt
433 2686 597 2730 magna
638 2671 759 2716 bella
788 2672 1014 2732 pugnata’.
1074 2669 1182 2717 Sine
1215 2671 1351 2726 dubio
1377 2670 1517 2715 multa
1549 2687 1642 2715 car-

133 2743 252 2788 mina
293 2747 432 2803 partis
476 2746 635 2792 tertiae
678 2741 844 2806 scripta
882 2753 983 2791 sunt
1025 2753 1126 2790 ante
1174 2762 1352 2791 carmen
1393 2746 1643 2801 XXXVII,
