1848 2944
876 54 905 102 5

140 186 190 232 P.
208 183 419 232 Clodium
451 186 564 229 facie
601 176 740 229 fuisse
769 183 990 244 pulcrum,
1021 180 1133 226 haec
1164 196 1236 226 res
1266 181 1470 226 debilitat
1501 181 1645 238 magis

141 276 272 321 quam
305 257 692 309 firmat-Schwabii
719 258 842 302 illam
867 256 924 300 de
955 272 993 300 c.
1009 256 1213 300 LXXIX
1242 256 1519 300 sententiam.
1550 254 1644 298 Vix

141 334 261 380 enim
295 334 430 378 verba
469 332 677 376 ‘Lesbius
722 337 789 376 est
824 331 992 391 pulcer.
1053 329 1159 387 quid
1189 329 1268 374 ni‘?
1315 344 1447 387 quem
1482 328 1644 373 Lesbia

140 408 267 452 malit
300 422 337 452 e.
361 421 402 464 q.
419 407 495 451 s’..
527 405 656 464 aliter
684 410 872 464 possunt
900 404 1104 461 intellegi
1136 419 1268 460 quam
1303 404 1386 447 ita:
1428 402 1641 447 Lesbium

138 479 267 523 illum
299 495 398 523 cum
430 484 559 522 antea
592 465 769 534 semper
800 476 1048 520 deformem
1077 476 1324 532 habuerim,
1365 490 1537 521 errasse
1567 491 1638 519 me

136 553 243 598 inde
273 559 469 614 apparet,
501 552 620 610 quod
654 551 818 595 Lesbia
847 551 974 594 illum
1006 550 1114 594 mihi
1144 550 1404 610 anteponit’.
1448 549 1520 594 Ex
1552 565 1639 608 quo

137 628 234 672 ioco
272 626 466 672 efficitur
499 641 548 670 re
577 640 682 669 vera
725 625 845 668 hunc
877 624 1090 669 Lesbium
1122 624 1369 668 deformem
1400 624 1553 668 fuisse.
1585 650 1637 656 —

139 700 190 745 Si
219 714 329 744 >vero
358 700 431 744 hic
465 700 522 743 de
553 700 604 744 P.
632 699 723 742 'isto
756 698 915 744 Clodio
947 714 1093 742 sermo
1124 705 1206 755 est,
1249 713 1369 756 nego
1400 697 1506 741 inde
1538 713 1639 742 con-

138 774 375 817 sectarium
407 787 504 817 esse
537 772 741 818 Clodiam
769 773 891 815 illam
922 787 1036 829 quae
1056 772 1246 817 Lesbiae
1280 771 1458 816 nomine
1490 772 1640 830 appel-

136 848 255 892 letur
284 862 484 892 sororem
513 848 607 891 eius
638 847 792 903 fuisse3
827 846 1000 895 accedit
1031 846 1165 904 quod,
1196 852 1244 889 ut
1260 845 1636 909 Iungclaussenus

137 921 255 965 scite'
274 923 447 965 monuit
482 921 543 981 (p.
564 923 648 977 14),
692 922 832 965 multo
871 922 1077 965 ace'rbius
1120 922 1205 964 hoo
1244 935 1421 964 carmen
1453 920 1639 964 deberet

138 1010 250 1052 esse,
298 995 333 1039 si
371 1011 422 1040 re
453 988 560 1039 vera
601 996 674 1039 hic
711 995 768 1042 de
804 995 980 1039 incestu
1021 995 1170 1039 fratris
1204 1011 1303 1039 cum
1334 1009 1488 1039 sorore
1521 1001 1640 1038 esset

137 1071 297 1112 sermo.
356 1069 489 1124 Quod
528 1069 674 1129 ipsum
714 1058 1040 1127 argumentum-
1060 1069 1324 1118 Schwabius
1354 1068 1637 1112 cavillatione

137 1158 217 1186 sua
259 1144 321 1199 (p.
338 1143 412 1194 93)
455 1159 546 1187 non
582 1142 1149 1203 redarguitz‘quamquam
1190 1143 1309 1187 haud
1349 1142 1482 1187 dubie
1524 1141 1635 1185 falso

138 1216 518 1273 Iungclaussenus
563 1217 802 1262 lectionem
832 1217 1051 1263 '‘Caelius’
1093 1232 1175 1276 pro
1215 1216 1430 1262 ‘Lesbius'
1475 1215 1637 1275 probat

139 1289 203 1347 (p.
223 1290 311 1344 15).

180 1364 183 1367 ’
246 1363 393 1423 Igitur
436 1378 517 1423 per
558 1379 605 1408 se
642 1370 888 1424 spectatum
930 1364 1016 1421 hoc
1061 1363 1283 1409 Schwabii
1321 1368 1636 1422 argumentum

135 1438 322 1496 petitum
354 1452 379 1481 e
408 1438 603 1481 carmine
619 1438 819 1482 LXXIX
845 1445 961 1482 stare
995 1453 1087 1481 non
1115 1443 1264 1497 potest
1295 1444 1353 1493 et,
1384 1437 1420 1480 si
1452 1436 1558 1493 quid
1590 1436 1637 1479 in

134 1517 258 1556 tanta
286 1526 436 1556 rerum
467 1511 737 1556 obscuritate
767 1511 991 1556 affirmare
1021 1511 1142 1568 licet,
1175 1511 1284 1555 mihi
1316 1510 1495 1572 quidem
1515 1510 1637 1555 Doe-

136 1585 273 1644 ringii
303 1586 379 1629 illa
410 1586 653 1630 declaratio
684 1586 876 1630 nominis
906 1586 1122 1630 ‘Lesbius'
1149 1586 1278 1629 valde
1313 1585 1493 1629 arridet.

254 1659 468 1718 Sequitur
498 1660 585 1703 iam
615 1666 665 1703 ut
694 1660 750 1704 de
784 1660 938 1705 Caelio
969 1660 1098 1715 Rufo,
1140 1660 1316 1704 aemulo
1350 1658 1530 1716 Catulli,
1576 1658 1638 1702 di-

135 1748 298 1777 camus.
372 1734 510 1779 Cuius
550 1735 841 1791 congruentia
881 1750 982 1778 cum
1014 1736 1074 1780 M.
1107 1735 1263 1778 Caelio
1296 1723 1483 1779 oratore*
1503 1733 1638 1776 valde·

134 1806 316 1865 probari
345 1807 536 1863 videtur,
585 1807 705 1866 quod
743 1807 781 1851 is
824 1822 1000 1866 quoque
1031 1814 1292 1867 pertempus
1322 1807 1502 1865 aliquod
1532 1822 1635 1851 cum

136 1879 295 1924 Clodia
327 1881 513 1939 quadam
546 1882 713 1939 (Publii
744 1884 917 1938 sorore)
950 1883 1168 1926 rationem
1201 1883 1368 1927 habuit.
1417 1883 1634 1926 Attamen

135 1952 209 1997 hic
240 1968 417 2013 quoque
443 1962 508 1999 sat
538 1971 728 2014 magnae
756 1956 1040 2001 difficultates
1067 1956 1277 2000 videntur
1307 1956 1499 2001 obstare.
1539 1956 1641 1999 Vix·

136 2027 254 2072 enim
284 2028 339 2072 de
369 2030 430 2074 M.
464 2029 617 2074 Caelio
649 2037 826 2074 oratore
858 2030 1158 2075 carm.LXIX
1188 2047 1260 2074 vv.
1282 2030 1360 2075 1.2

303 2102 409 2147 Noli
438 2103 661 2161 admirari,
694 2119 828 2164 quare
859 2104 938 2149 tibi
970 2105 1136 2149 femina
1163 2106 1299 2162 nulla,

405 2176 519 2221 Rufe
548 2179 657 2221 velit
685 2186 889 2223 tenerum
915 2181 1201 2239 supposuisse
1231 2180 1376 2223 femur

220 2251 346 2294 v.‘10.
404 2252 500 2296 Aut
529 2252 737 2297 admirari
771 2253 926 2298 desine
956 2270 1034 2298 cur
1065 2254 1254 2313 fugiunt.

133 2330 320 2383 possunt
345 2325 565 2383 intellegi,
596 2326 670 2385 qui
694 2332 738 2369 et
764 2326 897 2370 homo
925 2326 1271 2371 formosissimus
1291 2327 1470 2371 videtur
1496 2326 1632 2373 fuisse

135 2399 192 2442 cf.
227 2398 323 2444 Cic.
355 2416 398 2459 p.
429 2400 555 2447 Cael.
573 2400 678 2458 XV,
693 2401 763 2445 36.
794 2400 923 2457 III,6
959 2407 1003 2445 et
1038 2402 1273 2459 petebatur
1309 2401 1457 2460 potius
1500 2416 1632 2459 quam

134 2473 452 2534 repudiabatur
489 2491 515 2518 a
553 2475 733 2528 feminis
772 2475 828 2519 cf.
861 2475 956 2521 Cic.
986 2477 1016 2520 l.
1045 2476 1137 2533 l.¹).
1208 2475 1324 2521 Nam
1367 2491 1631 2535 quamquam

274 2628 301 2675 1)
330 2628 406 2664 cio.
432 2641 468 2675 p.
495 2629 597 2665 Cael.
622 2601 702 2666 XV‘.
727 2630 806 2673 XV,
836 2633 903 2667 36:
932 2630 1120 2666 ‘Vicinum
1144 2630 1475 2666 adolescentulum
1499 2630 1634 2677 adspe-

133 2689 242 2728 xisti:
283 2694 428 2730 candor
452 2694 563 2732 huius
590 2697 630 2732 te
655 2697 694 2732 et
721 2696 955 2745 proceritas,
988 2695 1118 2732 vultus
1151 2695 1326 2745 oculique
1358 2696 1632 2745 perpulerunt:
