1848 2944
910 75 970 120 ’16

181 196 473 243 Schwabium
504 198 552 242 in
579 197 698 242 hunc
730 197 913 242 modum
946 198 1240 245 disserentem
1262 201 1326 262 (p.
1340 200 1437 259 81):
1467 200 1690 247 ‘Catullus

183 296 235 303 —
271 297 323 303 —
358 288 384 315 a
415 287 464 315 se
497 288 587 316 non
615 271 721 315 dum
756 273 982 330 inpetrare
1024 275 1171 332 potuit
1211 281 1262 319 ut
1304 276 1361 319 de
1402 289 1553 320 amore
1591 274 1689 333 illo,

182 345 256 404 qui
288 362 314 388 a
341 360 530 405 corpore
559 345 858 404 proficiscens*
877 346 943 390 ad
979 362 1191 408 eorpus
1222 349 1477 407 redibat,
1515 348 1690 394 fortiter

177 419 441 463 desisteret'.
487 418 708 477 vUterque
740 420 808 463 vir
839 419 995 465 doctus
1024 437 1183 481 parum
1201 422 1383 468 videtur
1413 424 1686 484 ponderasse

174 493 445 537 vocabulum
476 493 626 551 ‘cogit’
658 493 704 536 in
734 493 819 539 ν.8
849 501 894 537 et
932 496 1285 554 comparativum
1318 497 1589 557 ‘impensius’
1635 497 1707 542 in.

176 584 216 612 v.
235 569 275 612 5.
337 568 412 614 Me
444 561 627 626 quidem
656 568 807 615 iudice
834 570 909 615 hie
942 570 1069 616 locus
1103 571 1158 616 de
1190 571 1379 617 diversis
1414 571 1685 631 ζηλοτυπίας
1720 631 1726 639 Ι

174 643 409 686 affectibus
439 649 507 685 est
536 643 840 700 accipiendus.
884 656 939 676 —·
978 644 1081 689 Hoc
1111 659 1270 689 verum
1298 645 1540 689 intercedit
1567 645 1687 689 inter

175 733 214 760 c.
229 714 361 760 LXX
394 722 438 759 et
469 715 648 760 LXXII
694 717 813 774 quod
856 717 973 780 illud
1014 718 1310 763 carmen-tali>
1333 724 1543 779 tempore
1574 719 1682 770 seri-

174 799 300 849 ptum
346 796 414 834 est
454 804 541 847 quo
582 796 752 834 tantum
797 791 962 836 diffidit
993 793 1134 836 amori
1163 792 1355 837 Lesbiae
1384 793 1457 848 (cf,
1485 794 1557 836 vv'.
1572 793 1614 837 3.
1631 793 1679 848 4)

175 865 262 908 hoc
295 864 372 909 ubi
403 864 596 923 primum
627 866 841 923 cognovit
870 872 1004 925 poeta
1028 882 1079 911 re
1097 882 1205 911 vera
1229 866 1432 914 aLesbia
1455 882 1554 911 sese
1586 881 1683 911 esse

173 938 426 997 deceptum.
497 939 614 984 Nam
653 939 788 998 paulo
837 947 937 1000 post
982 955 1114 999 quam
1156 940 1370 987 'Catullus
1414 941 1679 998 cognoverit

171 1014 361 1059 Lesbiae
406 1014 641 1074 perfidiam
680 1015 767 1059 hoe
809 1031 943 1059 carm.
973 1016 1191 1076 scriptum
1229 1031 1328 1061 esse
1368 1015 1679 1075 col‘ligendum

171 1088 352 1138 videtur
383 1103 407 1131 e
440 1088 591 1132 verbis
633 1089 780 1133 ‘Nune
816 1095 860 1133 te
891 1090 1114 1148 cognovi‘.
1185 1090 1313 1134 Licet
1358 1091 1477 1134 enim
1520 1089 1680 1134 similia

171 1164 259 1208 sint
287 1162 393 1207 huic
425 1163 526 1207 loco
559 1162 773 1220 (LXXII,
805 1164 833 1207 5
865 1166 982 1223 sqq.)
1025 1164 1221 1209 carmina
1248 1163 1525 1209 LXXXVII
1567 1163 1676 1223 (quo

170 1254 273 1281 cum
305 1237 501 1286 carmine
538 1237 901 1296 coniungendam
927 1245 995 1282 cst
1022 1254 1061 1282 c.
1079 1238 1277 1296 LXXV)
1315 1245 1361 1282 et
1379 1237 1600 1291 LXXXV
1629 1237 1677 1282 in

172 1312 448 1367 universum,
482 1325 595 1370 quae
627 1311 823 1355 earmina
853 1325 934 1370 per
966 1326 1013 1355 se
1034 1317 1232 1371 spectata
1258 1311 1398 1355 multo
1431 1318 1533 1369 post
1561 1311 1676 1356 illud

171 1384 384 1444 temporis
418 1391 695 1428 momentum
724 1385 888 1443 scripta
903 1392 1091 1445 possunt
1117 1399 1215 1430 esse
1247 1384 1414 1442 (‘Nunc
1446 1390 1514 1428 est
1543 1399 1674 1430 mens

172 1459 352 1503 diducta
396 1465 473 1502 tua
515 1473 614 1502 mea
653 1458 816 1503 Lesbia
856 1459 999 1518 culpa’
1042 1459 1231 1513 LXXV,
1264 1460 1286 1502 1
1335 1458 1441 1504 ‘Odi
1472 1465 1516 1502 et
1546 1459 1672 1503 amo’.

170 1533 408 1591 LXXXV,
427 1533 471 1590 1)
517 1532 616 1578 talis
656 1533 875 1578 sententia
913 1533 969 1578 de
1010 1533 1158 1579 verbis
1199 1533 1347 1579 ‘Nunc
1383 1533 1439 1577 de
1469 1533 1671 1592 cognovi’

169 1609 281 1653 ferri
321 1608 491 1666 nequit,
537 1615 744 1657 accurate
785 1608 905 1652 enim
943 1608 1066 1666 loqui
1111 1608 1259 1653 solent
1304 1608 1672 1667 epigrammatum

166 1688 340 1742 poetae.
693 1723 698 1727 ,

281 1755 454 1801 Eodem
491 1770 597 1799 vero
642 1761 844 1815 tempore
880 1754 1098 1814 scriptum
1139 1754 1316 1798 videtur
1350 1768 1449 1798 esse
1493 1767 1671 1799 carmen

163 1831 337 1886 LXXI3
372 1830 497 1874 cuius
513 1832 707 1874 versusl
741 1830 837 1874 sine
865 1829 1170 1874 controversia
1199 1829 1260 1873 ita
1290 1836 1415 1873 recte
1434 1834 1503 1873 est
1522 1842 1670 1872 emen-

164 1905 314 1949 datus:
364 1902 430 1949 ‘Si
468 1903 573 1962 quoi
618 1904 716 1948 iure
759 1905 877 1948 bono
923 1918 1052 1948 sacer
1090 1903 1261 1947 alarum
1306 1902 1475 1948 obstitit
1506 1900 1668 1946 hircus’

162 1978 312 2034 (codd.
353 1977 592 2021 exhibent:
639 1977 690 2023 Si
732 1974 818 2036 qui)
851 1979 949 2021 viro
980 1979 1099 2021 bono
1128 1970 1354 2020 sacrorum
1386 1975 1670 2020 obstitit'bir-

163 2052 251 2097 cus’
300 2052 356 2097 cf.
385 2051 452 2096 de
495 2051 580 2095 hoc
622 2051 724 2096 loco
764 2052 927 2111 Haupt.
960 2057 1130 2110 quaest.
1176 2049 1271 2095 Cat.
1303 2066 1347 2110 p.
1372 2050 1426 2094 91
1453 2064 1549 2110 sqq.
1594 2048 1670 2107 qui

161 2135 284 2171 recte
313 2134 447 2184 urget
479 2126 697 2184 postulari
727 2126 774 2169 in
788 2142 828 2170 v,
850 2128 871 2169 1
900 2127 992 2170 tale
1007 2127 1194 2169 verbum
1227 2125 1346 2182 quod
1379 2124 1568 2169 eandem
1590 2124 1667 2167 ha-

164 2202 267 2246 beat
298 2199 672 2261 significationem
703 2216 755 2244 ac
787 2200 947 2245 merito
978 2199 1025 2245 in
1052 2216 1093 2244 v.
1112 2198 1182 2257 2);
1216 2198 1414 2257 loquitur
1440 2212 1548 2243 vero
1595 2196 1667 2242 hie

158 2282 291 2335 poeta
318 2276 375 2319 de
395 2290 444 2319 se
469 2288 663 2334 persona
692 2274 889 2319 secunda
918 2280 968 2318 ut
998 2290 1132 2317 carm.
1150 2274 1375 2329 LXXIII,
1393 2273 1532 2329 VIII,
1562 2272 1668 2326 LII,

160 2351 281 2409 quod
312 2352 350 2395 is
379 2357 554 2395 tantum
585 2349 753 2409 poterit
782 2363 951 2408 negare
988 2348 1065 2406 qui
1109 2348 1263 2392 eredat
1295 2346 1477 2392 Catullo
1521 2345 1667 2390 ocium

157 2426 296 2470 fuisse
339 2432 389 2469 ut
431 2424 623 2468 aliorum
669 2438 845 2483 quoque
891 2423 1116 2467 aemulos·
1143 2428 1372 2481 carperet3
1419 2420 1516 2465 sola
1557 2434 1667 2467 voce.

159 2499 261 2542 ‘illa‘
297 2498 560 2556 designatur
600 2497 674 2540 hie
706 2496 871 2541 Lesbia
904 2502 954 2539 ut
983 2511 1046 2540 cc.
1062 2491 1278 2549 LXXVI,
1312 2494 1422 2552 (23),
1452 2493 1590 2549 VIII,
1621 2493 1663 2537 9.

157 2573 222 2619 Ut
253 2579 403 2617 autem
445 2571 532 2615 hoc
571 2586 705 2614 carm.
738 2570 897 2614 eodem
936 2570 1032 2613 fere
1068 2575 1271 2629 tempore
1307 2567 1525 2627 scriptum
1566 2578 1664 2610 esse

158 2654 363 2708 putarem
390 2660 477 2705 quo
505 2661 541 2689 c.
561 2644 747 2689 LXXII
773 2650 1004 2703 permotus
1033 2658 1132 2687 sum
1159 2658 1294 2687 versu
1323 2641 1490 2686 tertioz·
1564 2656 1568 2659 ·
1663 2693 1666 2696 Δ

274 2721 512 2773 ‘Aemulus
541 2720 624 2775 iste
655 2726 755 2762 tuus
787 2718 860 2776 qui
891 2724 1150 2762 vestrum
1182 2722 1364 2761 exercet
1401 2729 1577 2760 amore
1590 2714 1662 2761 ιη’.
