1848 2944
837 60 894 107 27

109 188 221 244 lium
262 187 511 247 praelatum
542 186 721 232 Catullo
752 202 804 231 eo
833 187 1096 232 insolentiae
1126 186 1396 246 processisse
1426 192 1476 230 ut
1506 200 1612 229 eum

114 261 305 322 turpiter
335 279 361 307 a
390 262 554 307 Lesbia
586 262 758 322 perfida
801 262 1026 307 desertum
1066 262 1348 307 cavillaretur
1379 261 1494 306 nihil
1528 261 1607 305 mi·

114 337 305 396 tigatum
333 336 480 379 studio
511 342 669 396 poetae
690 337 763 397 qui
794 352 895 381 eum
925 337 1193 382 transmissis
1225 336 1486 381 Callimachi
1517 352 1609 380 car-

114 410 310 456 minibus
337 410 481 455 lenire
508 417 707 470 cuperet.
752 410 876 456 Haec
905 412 1141 471 explicatio
1170 411 1277 455 mihi
1305 410 1485 469 quidem
1510 425 1608 470 per-

111 498 243 543 quem
270 483 384 528 mira
415 484 602 529 videtur.
666 484 825 529 Nonne
862 486 982 530 enim
1024 486 1171 545 potius
1215 483 1381 529 Catulli
1421 490 1515 529 erat
1545 484 1610 528 in-

109 558 213 603 vehi
241 559 290 603 in
320 559 522 604 Gellium
539 559 614 618 qui
645 574 746 602 eum
761 560 954 618 turpiter
982 559 1224 617 deceperat
1236 559 1312 614 (cf.
1330 575 1465 603 carm.
1483 557 1608 612 XCI)

108 632 242 679 sicuti
271 631 473 677 Caelium
490 633 567 676 ubi
592 631 787 692 primum
805 633 1006 677 aemulus
1026 634 1170 678 factus
1201 639 1295 677 erat
1324 632 1444 677 haud
1477 646 1609 675 cunc·

109 712 257 751 tantur
301 722 511 765 agressus
557 706 658 750 cst?
703 706 883 750 Deinde
926 723 1016 751 vox
1060 708 1188 751 ‘telis’
1237 706 1284 751 in
1314 722 1356 749 v.
1390 707 1432 750 4.
1465 707 1488 749 7
1522 720 1611 750 non

109 787 259 842 potest
286 780 491 839 intellegi
532 780 588 824 de
620 780 976 825 cavillationibus
1017 780 1096 825 sed
1127 781 1184 824 de
1212 780 1479 825 carminibus
1508 795 1610 824 con—

109 855 384 912 tumeliosis,
423 870 554 914 quem
598 869 778 899 sensum
817 854 936 898 haud
972 854 1105 899 dubie
1147 855 1304 900 eadem
1345 870 1436 898 vox
1477 854 1611 898 habet

107 929 156 974 in
185 946 226 976 v.
257 930 324 975 8.:
780 926 789 938 '

382 1005 462 1050 ‘At
491 1006 608 1050 fixus
636 1005 799 1050 nostris
831 1012 877 1048 tu
910 1004 1022 1049 dabi’
1053 1002 1332 1062 supplicium’

107 1078 185 1123 ubi
208 1078 648 1137 subintellegendum
698 1085 817 1123 certo
847 1086 915 1123 est
941 1078 1128 1122 verbum
1158 1077 1284 1121 ‘telis’
1320 1092 1344 1121 e
1374 1091 1507 1120 versu
1537 1091 1611 1121 an-

108 1153 362 1198 tecedente:

294 1226 476 1271 ‘Contra
506 1242 587 1272 nos
617 1222 726 1272 tela
754 1228 838 1272 ista
871 1233 944 1271 tua
982 1226 1197 1270 evitamus
1228 1224 1419 1271 amietu’.

223 1301 316 1345 Has
347 1302 403 1346 ob
433 1316 584 1346 causas
616 1301 725 1345 mihi
752 1300 1032 1345 redeundum
1063 1300 1242 1344 videtur
1280 1314 1379 1344 esse
1408 1299 1465 1343 ad
1496 1300 1610 1343 hanc

107 1375 275 1422 Mureti
322 1375 598 1435 aliorumque
629 1374 997 1433 explicationem:
1052 1371 1277 1418 Catullum
1306 1381 1608 1434 postquam

106 1463 188 1493 sex
220 1449 299 1493 illa
330 1449 524 1493 carmina
557 1448 605 1492 in
638 1448 840 1493 Gellium
870 1448 1121 1510 scripsisset
1152 1448 1386 1504 (LXXIV,
1413 1448 1608 1505 LXXX,

106 1523 422 1581 LXXXVIII,
448 1523 713 1577 LXXXIX,
744 1522 844 1577 XC,
875 1520 1003 1579 XCI)
1034 1537 1164 1567 causa
1193 1521 1344 1567 neseio
1374 1537 1459 1580 qua
1490 1537 1607 1567 com-

110 1603 277 1642 motum
304 1598 499 1642 voluisse
524 1597 572 1641 in
599 1597 788 1656 gratiam
810 1597 957 1641 redire
990 1613 1091 1641 cum
1118 1612 1186 1654 eo,
1215 1596 1343 1642 illum
1369 1612 1477 1642 vero
1508 1612 1609 1656 per-

105 1672 276 1717 rexisse
313 1672 583 1717 carminibus
625 1672 671 1715 in
712 1670 934 1716 Catullum
977 1671 1128 1715 invehi
1167 1670 1297 1716 sicuti
1339 1678 1469 1716 antea
1515 1670 1608 1731 epi-

106 1747 367 1805 grammatis
399 1747 563 1791 Catulli
590 1746 887 1806 respondissit
913 1746 1181 1791 carminibus
1212 1746 1543 1791 contumeliosis
1562 1747 1608 1801 ¹).

105 1822 266 1879 Itaque
295 1828 421 1866 recte
449 1823 534 1866 hoc
550 1836 728 1866 carmen
743 1827 847 1880 post
874 1821 952 1865 illa
971 1822 1294 1881 epigrammata
1309 1828 1376 1866 est
1395 1820 1609 1880 positum.

105 1895 198 1942 Sed
219 1912 308 1956 qua
334 1911 384 1940 re
416 1903 661 1941 commotus
693 1895 862 1955 cupivit
885 1902 1019 1954 poeta
1047 1896 1092 1939 in
1108 1896 1296 1955 gratiam
1326 1895 1476 1940 redire
1504 1911 1607 1943 cum

106 1970 291 2017 Gellio?
323 1971 543 2029 Equidem
582 1971 718 2015 credo
748 1971 834 2015 hoc
882 1985 1061 2015 carmen
1104 1971 1321 2030 scriptum
1366 1985 1465 2015 esse
1506 1976 1610 2031 post

104 2045 516 2090 reconciliationem
548 2062 644 2090 cum
675 2046 838 2090 Lesbia
866 2061 978 2104 quae
1010 2045 1197 2091 fortasse
1241 2047 1356 2092 hanc
1387 2061 1606 2106 proposu-

105 2127 200 2164 erat
246 2120 553 2165 condicionem
599 2128 648 2165 ut
692 2121 881 2165 alterum
924 2128 1180 2178 amatorem,
1226 2121 1443 2178 Gellium,
1475 2135 1608 2180 quem

103 2201 282 2253 praeter
307 2194 534 2239 Catullum
563 2196 746 2239 fovebat
785 2196 947 2240 mulier
989 2196 1068 2240 illa
1110 2195 1348 2254 impudica,
1380 2195 1609 2240 desineret

104 2268 385 2328 impugnare.
447 2269 555 2314 Tale
587 2270 693 2328 quid
729 2269 1035 2329 colligendum
1068 2270 1246 2315 videtur
1284 2285 1340 2314 ex
1381 2269 1495 2314 tristi
1526 2269 1605 2315 illo

103 2343 203 2388 loco
233 2344 438 2389 LXVIII
464 2346 530 2400 (b)
563 2344 802 2391 135—137.

242 2420 368 2475 Quae
398 2425 549 2464 tamen
576 2419 660 2463 etsi
690 2434 779 2463 uno
811 2435 899 2464 non
934 2427 1001 2464 est
1032 2426 1240 2465 contenta
1271 2418 1447 2463 Catullo

297 2494 415 2538 Rara
444 2495 723 2538 verecundae
753 2495 870 2538 furta
899 2495 1091 2539 feremus
1125 2509 1241 2549 erae,

238 2567 309 2611 Ne
339 2569 525 2613 nimium
551 2570 688 2615 simus
706 2571 953 2627 *stultorum
983 2585 1107 2615 more
1136 2571 1325 2615 molesti.

240 2654 266 2700 ¹)
291 2655 375 2691 Hoc
398 2655 563 2692 fortasse
589 2658 759 2703 respexit
783 2657 957 2693 Catullus
982 2657 1168 2700 XXXVII,
1197 2659 1260 2693 13:
1291 2657 1380 2693 ‘Pro
1407 2669 1483 2704 qua
1507 2656 1603 2693 mihi

104 2718 356 2769 sunt›magna
381 2722 484 2767 bella
508 2724 703 2771 pugnata’.
