1848 2944
892 53 950 97 39

173 178 287 223 culis
317 177 464 223 teneri
504 184 682 237 poetam
728 193 861 236 quam
890 182 940 221 ut
971 177 1008 220 si
1048 176 1304 222 discesserit
1349 192 1400 223 re
1442 194 1550 223 vera
1588 179 1673 224 hoc

174 253 367 297 carmine
407 252 572 311 scripto
610 268 635 294 a
664 252 841 309 Lesbia,
884 252 970 295 hoc
1016 251 1249 296 discidium
1294 252 1550 297 diuturnum
1598 255 1672 298 vel

171 333 439 386 perpetuum
467 325 613 369 fuerit.
646 327 703 370 cf.
735 341 807 370 W.
842 325 892 369 11
923 340 1043 384 sqq-z

289 400 411 456 Quin
442 406 489 443 tu
517 399 665 443 animo
693 398 900 443 adfirmas
920 398 1070 458 itaque
1098 398 1228 442 istinc
1257 405 1391 457 teque
1421 401 1613 457 reducis,

346 472 404 518 Et
437 474 505 518 dis
532 474 684 518 invitis
717 473 883 518 desinis
914 488 1011 518 esse
1042 473 1214 517 miser?

288 542 536 593 Difficile
571 554 637 592 est
666 549 851 606 longum
885 547 1029 591 subito
1061 548 1286 606 deponere
1318 564 1525 594 amorem.

340 622 541 667 Difficile
576 628 656 678 est,
689 636 846 665 verum
876 622 962 666 hoc
995 638 1091 681 qua
1120 623 1272 666 lubet
1302 622 1492 666 efficias:

196 698 271 740 15.
288 698 392 743 Una
423 697 540 740 salus
568 697 679 739 haec
709 703 790 753 est,
822 696 907 740 hoc
939 703 1005 740 est
1037 697 1117 740 tibi
1147 696 1526 756 pervincendum:

343 771 445 816 Hoc
475 770 623 828 facias,
656 771 766 816 sive
787 763 846 816 'id
875 787 978 817 non
1009 778 1130 832 pote
1162 771 1271 815 sive
1303 777 1439 830 pote.

286 845 327 891 O
361 846 419 901 di,
451 845 487 888 si
517 852 713 889 vestrum
747 852 813 889 est
844 846 1058 904 misereri,
1092 853 1167 890 aut
1197 846 1233 889 si
1262 847 1421 906 quibus
1449 861 1662 905 umquam

340 920 601 964 Extremam
629 920 715 964 iam
744 920 841 980 ipsa
874 927 1016 965 morte
1049 920 1211 965 tulistis
1246 935 1377 981 opem

284 994 358 1038 Me
389 995 600 1038 miserum
628 995 844 1054 adspicite
877 996 954 1052 (et,
986 995 1159 1038 sivitam
1188 994 1358 1054 puriter
1389 995 1477 1053 egi,

199 1070 268 1113 20.
335 1068 507 1126 Eripite
541 1068 654 1111 hanc
683 1074 855 1126 pestem
885 1068 1222 1127 perniciemque
1251 1069 1393 1127 mihi),

281 1144 371 1189 Hei
399 1144 506 1188 mihi
540 1146 787 1206 subrepens
817 1144 940 1189 imos*
959 1151 1009 1188 ut
1037 1150 1192 1203 torpor
1219 1144 1266 1187 in
1295 1150 1414 1189 artus

322 1219 528 1279 Expulit
553 1234 612 1263 ex
642 1219 761 1264 omni
790 1225 972 1278 pectore
1001 1218 1201 1262 laetitias.

281 1293 384 1337 Non
414 1294 502 1337 iam
530 1293 642 1337 illud
671 1307 849 1350 quaero,
881 1299 1036 1336 contra
1059 1298 1109 1335 ut
1140 1308 1211 1336 me
1241 1292 1399 1350 diligat
1431 1293 1523 1350 illa,

345 1368 453 1424 Aut,
487 1368 605 1428 quod
635 1384 726 1413 non
755 1368 871 1428 potis
902 1374 982 1425 est,
1011 1383 1108 1412 esse
1139 1367 1300 1426 pudiea
1328 1366 1458 1411 velit:

200 1445 268 1490 25.
285 1444 388 1502 Ipse
418 1443 568 1487 valere
602 1449 722 1502 opto
756 1449 799 1486 et
824 1449 1013 1486 taetrum
1037 1442 1155 1486 hunc
1186 1442 1411 1501 deponere
1434 1443 1638 1487 morbum

340 1517 380 1562 Ο
414 1517 472 1573 di,
503 1516 678 1560 reddite
711 1516 771 1559 mi
801 1516 886 1560 hoc
915 1533 996 1576 pro
1031 1517 1196 1575 pietate
1229 1531 1339 1561 mea.

281 1593 557 1648 Quamquam
578 1591 716 1649 igitur
736 1593 924 1635 fortasse
954 1591 1038 1635 hoc
1056 1590 1252 1634 carmine
1271 1590 1438 1649 scripto
1462 1590 1668 1636 discessit

170 1665 372 1711 Catullus
411 1683 436 1709 a
477 1666 640 1709 Lesbia
689 1682 880 1710 amorem
937 1667 1056 1711 hunc
1106 1666 1304 1710 nondum
1354 1666 1561 1725 deposuit
1604 1668 1668 1711 cf.

166 1740 369 1799 inprimis
419 1755 598 1784 versum
635 1740 690 1784 25
733 1739 921 1800 (‘opto’).
977 1740 1079 1783 Huc
1119 1739 1291 1783 accedit
1329 1740 1445 1799 quod
1488 1746 1539 1784 ut
1581 1741 1666 1785 iam

166 1830 301 1874 supra
335 1815 397 1873 (p.
414 1814 489 1873 24)
518 1815 767 1858 monuimus
808 1815 894 1858 hoc
929 1829 1107 1858 carmen
1147 1830 1238 1858 non
1280 1821 1428 1874 potest
1470 1816 1667 1873 separari

166 1905 191 1932 a
221 1888 417 1932 carmine
447 1888 719 1933 LXXXVII
750 1888 826 1947 (cf.
858 1904 928 1933 vv,
959 1890 997 1933 7.
1028 1890 1068 1933 8.
1097 1888 1304 1934 carminis
1332 1888 1535 1934 LXXVI

278 1962 393 2007 Nam
420 1978 725 2023 quaecumque
763 1964 965 2008 homines
1005 1965 1120 2008 bene
1156 1964 1362 2022 cuiquam
1397 1971 1473 2008 aut
1513 1964 1666 2010 dicere

1345 2045 1533 2096 possunt

334 2112 430 2157 Aut
464 2114 611 2157 facere
655 2113 765 2157 haec
798 2130 822 2156 a
855 2118 899 2157 te
933 2112 1138 2169 dictaque
1171 2113 1377 2172 factaque
1409 2118 1514 2192 sunt

165 2201 268 2229 cum
297 2185 568 2230 LXXXVII
598 2202 639 2229 v.
673 2187 749 2229 1—
755 2187 806 2231 4:

275 2260 412 2305 Nulla
440 2266 588 2319 potest
617 2260 777 2304 mulier
805 2267 977 2305 tantum
1008 2277 1055 2305 se
1090 2261 1242 2305 dicere
1274 2269 1463 2306 amatam

332 2334 467 2392 Vere,
502 2341 714 2395 quantum
748 2352 773 2379 a
804 2350 874 2379 me
901 2335 1066 2379 Lesbia
1094 2341 1237 2379 amata
1268 2336 1416 2380 mea's.

275 2408 413 2452 Nulla
444 2409 557 2453 fides
586 2410 710 2453 nullo
738 2409 820 2453 fuit
850 2424 1045 2468 unquam
1076 2409 1123 2453 in
1154 2410 1337 2453 foedere
1366 2415 1499 2466 tanta,

328 2482 508 2537 Quanta
539 2484 586 2527 in
617 2499 767 2529 amore
795 2490 871 2557 tuo
904 2498 960 2527 ex
991 2490 1117 2544 parte
1148 2490 1327 2543 reperta
1357 2485 1533 2540 meast.)

161 2554 285 2600 cuius
313 2564 470 2602 versus
506 2558 545 2601 7.
578 2557 618 2602 8.

272 2631 381 2678 Ut
368 2648 456 2675 iam
488 2647 572 2677 nec
600 2634 717 2677 bene
747 2634 865 2678 velle
895 2639 1027 2691 queat
1052 2633 1148 2690 tibi,
1182 2633 1219 2677 si
1249 2634 1417 2693 optima
1445 2636 1537 2691 fias,

329 2705 427 2749 Nec
458 2705 720 2752 desistere
752 2722 913 2765 amare,
947 2707 1123 2751 omnia
1153 2707 1193 2751 si
1225 2707 1403 2753 facias.
