1848 2944
919 78 977 124 30

199 203 317 248 VIII
360 217 506 248 necne
551 203 785 249 diiudicari
825 219 916 248 non
965 204 1132 264 poterit
1174 204 1229 249 cf.
1272 204 1328 249 de
1360 219 1495 249 carm.
1518 203 1636 248 VIII
1665 220 1703 250 s.

192 292 236 337 p.
256 277 296 321 9.
330 276 416 334 10).
482 277 650 322 Procul
681 277 817 322 dubio
850 278 1043 336 denique
1073 284 1177 322 ante
1207 294 1273 323 cc.
1293 278 1379 336 IV,
1407 278 1455 323 X
1481 276 1568 323 alia
1596 292 1704 322 con·

195 351 338 396 ditum
366 358 434 396 est
466 368 502 397 c.
520 351 678 396 XLVI
714 352 832 410 quod
863 368 1046 397 carmen
1075 353 1252 412 scripsit
1279 360 1412 413 poeta
1440 364 1703 399 reversurus

196 441 221 469 e
252 425 470 485 Bithynia
505 427 582 484 (cf.
610 427 697 470 v.4
726 426 1018 484 ‘Linquantur
1049 427 1255 486 Phrygii,
1287 426 1481 485 Catulle,
1510 427 1703 487 campi’).

193 502 321 546 Haec
356 501 505 545 omnia
535 501 727 546 librariis
759 508 990 560 nequeunt
1020 501 1241 562 imputari.
1313 501 1364 548 Si
1400 502 1539 559 igitur
1567 517 1703 561 supra

196 577 252 620 de
294 576 562 620 carminibus
591 576 980 633 Lxlx-CXVI,
1010 576 1408 622 LXI—LXVIIP
1447 590 1555 619 vere
1592 575 1704 619 iudi-

196 652 292 695 cavi
325 650 644 709 exponendum
675 650 782 693 mihi
814 651 900 693 erit
929 650 1153 707 quomodo
1174 650 1272 694 fieri
1296 650 1492 711 potuerit
1521 655 1571 693 ut
1598 664 1700 693 cum

193 725 265 769 hic
294 731 427 784 poeta
457 731 707 784 temporum
740 725 957 769 rationem
999 725 1185 768 haberet
1221 724 1341 768 idem
1374 725 1522 768 facere
1550 723 1704 782 negle-

193 805 324 858 geret
364 799 412 843 in
455 798 713 844 ordinandis
754 800 1026 845 carminibiis
1065 799 1271 845 II—LX.
1342 800 1415 844 De
1456 814 1541 857 qua
1580 813 1631 843 re
1660 813 1704 843 v.

193 872 311 916 infra
340 863 383 932 p.
402 872 471 915 33.

309 946 405 990 Sed
437 946 522 989 hoc
552 946 706 1002 eluxit,
750 946 835 990 nisi
868 948 1011 1003 fallor,
1055 963 1113 991 ex
1153 948 1218 991 eis
1257 962 1369 1005 quae
1399 948 1480 991 sub
1513 947 1557 991 A
1591 953 1635 990 et
1663 947 1702 990 B

195 1020 424 1079 composui
476 1020 604 1064 citius
639 1020 973 1065 Froehlichium
1018 1022 1066 1075 (41.
1096 1022 1127 1065 l.
1168 1037 1211 1080 p.
1237 1022 1485 1081 695—699)
1525 1036 1702 1065 omnem

194 1110 377 1153 prorsus
420 1094 623 1138 ordinem
670 1095 751 1138 toti
791 1095 907 1139 libro
942 1094 1108 1139 Catulli
1151 1096 1427 1140 abiudicasse
1459 1109 1544 1153 qua
1574 1095 1622 1138 in
1649 1110 1699 1138 re

195 1169 467 1212 monendum
500 1175 734 1226 praetcrea
765 1175 844 1224 est,
885 1168 1219 1213 Froehlichium
1257 1171 1463 1229 exempla
1498 1186 1579 1214 sua
1606 1177 1701 1214 tan·

197 1249 290 1286 tum
337 1258 395 1287 ex
443 1243 712 1286 carminibus
746 1243 942 1286 II—LX
979 1244 1159 1302 petisse.
1232 1243 1453 1289 Graviora
1494 1259 1602 1288 vero
1650 1258 1704 1288 ea

200 1325 302 1362 sunt
335 1333 446 1375 quae
479 1318 525 1361 in
556 1317 712 1361 eadem
743 1318 1116 1362 commentatione
1152 1318 1208 1362 de
1224 1319 1462 1378 partitione
1487 1319 1591 1363 libri
1622 1334 1704 1363 no-

199 1393 280 1437 stri
311 1393 520 1437 disseruit
551 1394 614 1451 (p.
630 1390 895 1447 693—695).
969 1393 1212 1452 Tripartito
1257 1394 1317 1438 ait
1359 1393 1502 1438 videri
1535 1393 1701 1437 librum

197 1474 401 1511 nostrum
426 1467 617 1510 divisum
636 1481 734 1509 esse
765 1472 816 1509 ut
846 1467 989 1524 prima
1018 1483 1120 1525 pars
1153 1484 1205 1511 ea
1232 1468 1481 1512 contineret
1512 1467 1704 1511 carmina

198 1556 311 1599 quae
337 1540 537 1585 iambicis
571 1540 879 1599 similibusque
898 1542 1049 1586 metris
1071 1542 1299 1597 (I—LXI)
1331 1543 1470 1586 altera
1503 1556 1556 1586 ea
1590 1556 1702 1601 quae

195 1609 388 1660 heroicis
423 1616 697 1659 hexametris
740 1623 783 1659 et
824 1617 1076 1673 galliambis
1121 1617 1290 1674 (LXII,
1322 1617 1493 1672 LXIV,
1523 1614 1700 1671 LXIII)

195 1691 326 1735 tertia
357 1706 408 1734 ea
439 1705 552 1748 quae
584 1691 759 1749 elegico
792 1697 934 1735 metro
966 1691 1132 1752 scripta
1155 1696 1316 1735 essent.
1347 1690 1582 1750 Apparere
1603 1687 1696 1747 qui-

198 1766 300 1810 dem
332 1765 526 1810 voluisse
558 1765 619 1810 ita
653 1767 873 1824 quendam
916 1766 1110 1810 carmina
1143 1766 1349 1810 ordinare
1386 1771 1528 1808 metra
1557 1763 1697 1824 respi—

196 1841 402 1899 cientem,
439 1840 543 1885 hoc'
568 1856 674 1885 vero
712 1848 802 1886 tam
835 1842 1144 1886 inconstanter
1176 1855 1273 1886 esse
1303 1841 1473 1885 factum
1512 1845 1562 1883 ut
1590 1838 1702 1883 haec

196 1915 354 1959 divisio
387 1915 567 1961 Catullo
597 1916 682 1976 ipsi
711 1931 802 1960 non
835 1923 988 1975 posset
1017 1915 1164 1960 tribui.

309 1990 412 2034 Hoc
448 1996 615 2034 certum
663 1997 731 2034 est
771 2006 867 2034 esse
900 1990 1027 2034 nobis
1061 2005 1156 2033 rem
1190 2004 1290 2031 cum
1322 1987 1560 2046 partitione
1599 2001 1703 2045 qua-

195 2064 296 2108 dam
338 2063 501 2107 frustra
546 2063 664 2108 enim
718 2063 1049 2123 circumspicies
1095 2061 1290 2106 carmina
1336 2061 1514 2118 elegico
1560 2066 1702 2104 metro

198 2138 454 2196 conscripta
483 2138 712 2197 inpriore,
731 2139 896 2182 frustra
912 2137 1312 2194 hendecasyllabos
1341 2141 1578 2193 ceteraque
1606 2148 1700 2178 me-

196 2219 268 2257 tra
294 2227 414 2271 -quae
456 2212 503 2257 in
547 2212 814 2258 carminibus
840 2212 1032 2257 II——LX
1060 2216 1302 2257 occurrunt
1330 2210 1378 2256 in
1406 2209 1547 2254 altero
1573 2208 1701 2254 dimi-

195 2286 268 2331 dio
298 2286 417 2331 libri.
478 2287 603 2331 Haec
636 2286 793 2331 divisio
825 2287 1078 2345 ubicunque
1107 2286 1286 2330 termini
1306 2284 1583 2344 singularum
1604 2299 1703 2342 par-

195 2361 304 2404 tium
338 2361 563 2405 statuendi
596 2368 713 2417 sunt,
759 2361 944 2405 consilio
988 2368 1083 2404 orta
1123 2374 1222 2404 csse
1251 2359 1313 2402 ita
1342 2364 1513 2401 tantum
1546 2357 1703 2416 negari

194 2441 357 2495 potest,
405 2435 441 2478 si
475 2435 853 2479 demonstrabitur
899 2435 1124 2479 Catullum
1162 2434 1318 2477 ultimo
1363 2438 1566 2491 tempore
1604 2431 1702 2476 solo

195 2509 374 2566 elegico
406 2515 548 2553 metro
578 2525 708 2553 usum
742 2524 853 2566 esse,
888 2516 1020 2567 atque
1050 2508 1211 2553 ceteri-s
1243 2507 1397 2551 metris
1427 2522 1538 2565 quae
1572 2512 1704 2550 antea

194 2588 466 2641 usurpasset,
494 2583 778 2643 postmodum
810 2599 992 2643 prorsus
1012 2582 1277 2626 abstinuisse
1308 2584 1352 2639 (a
1378 2581 1453 2624 tali
1485 2578 1704 2625 sententia

196 2671 407 2715 egressus
444 2663 512 2700 est
546 2657 715 2701 Zellius
748 2658 793 2700 in
823 2656 1068 2716 scriptione
1101 2671 1178 2699 sua
1213 2655 1403 2700 ‘Catulle
1432 2654 1587 2699 Liebe’
1617 2652 1701 2698 Fe·

194 2730 412 2776 rienschr.
428 2730 454 2780 I
481 2745 523 2790 p.
542 2731 802 2790 127—-138).
833 2731 898 2775 At
923 2736 1046 2775 certo
1069 2729 1267 2775 carmina
1278 2727 1702 2785 LXIX—me
