1848 2944
909 67 965 113 38

190 208 301 237 esse.
365 193 459 237 Iam
495 192 532 237 si
563 198 745 253 reputas
779 191 961 237 annales
995 192 1154 237 Velusi
1195 191 1329 237 modo
1372 192 1515 237 editos
1557 193 1696 238 fuisse

189 283 341 311 ansam
386 266 576 311 Lesbiae
620 266 869 311 renovandi
920 282 1022 310 cum
1078 265 1257 311 Catullo
1314 266 1696 325 consuetudinem,

192 357 323 400 quam
345 342 532 399 egregie
562 356 614 385 ea
643 342 863 386 sententia
896 356 1024 400 quam
1056 356 1142 399 ego
1175 356 1309 401 supra
1341 341 1403 401 (p.
1421 340 1610 399 25—28)
1640 340 1697 385 de

190 417 349 462 ordine
391 418 635 463 carminum
675 418 830 462 tertiae
862 417 1001 477 partis
1041 416 1377 461 accommodato
1422 417 1697 476 temporibus

189 492 269 535 tuli
298 493 370 536 hic
402 494 689 537 confirmatur
722 508 773 536 eo
804 492 923 550 quod
952 498 1054 536 ante
1085 491 1279 536 carmina
1304 491 1383 535 illa
1413 490 1562 546 CVII,
1589 491 1698 537 CIX

190 581 303 623 quae
332 567 648 625 coniungenda
676 568 764 610 sint
796 583 898 610 cum
937 566 1133 610 carmine
1178 565 1399 621 XXXVI,
1443 565 1697 609 invenimus

189 640 378 684 alterum
397 640 510 684 illud
539 656 718 684 carmen
738 656 823 699 quo
842 640 1058 683 Volusius
1088 640 1333 697 deridetur,
1352 653 1532 683 carmen
1549 638 1696 695 XCV,

191 714 309 774 quod
353 715 448 758 fere
480 702 649 759 eodem*
677 723 880 775 tempore
914 730 1001 774 quo
1035 731 1070 758 c.
1101 714 1311 759 XXXVI
1353 711 1565 772 scriptum
1598 728 1696 758 esse

188 789 276 832 iam
308 788 569 835 Schwabius
597 789 811 833 iudicavit
844 788 904 849 (p.
922 787 1039 847 288).
1088 788 1285 847 Cupiens
1315 788 1454 847 igitur
1479 804 1581 832 cum
1613 787 1695 832 Ca-

191 863 306 906 tullo
339 863 384 905 in
417 863 607 920 gratiam
628 863 777 907 redire
799 862 962 908 Lesbia
982 877 1152 906 memor
1181 862 1302 907 illius
1325 862 1535 906 carminis
1564 862 1697 908 XCV

189 953 276 995 quo
325 938 562 985 Volusium
604 938 930 997 perstrinxerat
960 944 1093 996 poeta
1135 937 1240 981 hinc
1286 924 1504 997 quaesivit
1545 952 1697 981 ansam

193 1012 421 1055 efficiendi
451 1012 497 1055 id
530 1012 650 1069 quod
680 1013 823 1056 voluit
849 1012 1060 1071 vovitque
1103 1012 1218 1055 salse
1258 1012 1294 1054 si
1343 1011 1427 1055 sibi
1466 1011 1697 1055 restitutus

196 1092 314 1129 esset
348 1086 552 1131 Catullus
585 1088 851 1130 electissima
898 1102 945 1131 se
984 1087 1162 1130 Volusii
1204 1087 1369 1145 scripta
1413 1087 1487 1141 (de
1535 1085 1697 1143 quibus

195 1158 406 1215 quidnam
436 1158 660 1202 iudicaret
693 1157 914 1215 Catullus,
960 1173 1017 1202 ex
1047 1158 1243 1202 carmine
1269 1157 1399 1202 XCV
1435 1157 1596 1202 Lesbia
1626 1173 1696 1202 co-

195 1232 432 1290 gnoverat)
465 1232 686 1292 tardipedi
714 1233 798 1276 deo
830 1247 877 1276 se
906 1232 1119 1276 daturam.
1150 1233 1315 1276 Laetus
1345 1238 1475 1291 poeta
1505 1232 1698 1276 carmine

189 1306 401 1352 XXXVI
434 1306 651 1350 ‘Annales
681 1306 843 1350 Volusi
875 1321 913 1350 e.
948 1324 988 1366 q.
1022 1307 1067 1350 s.'
1099 1307 1169 1350 his
1207 1306 1414 1365 precibus
1446 1305 1693 1365 respondit,

188 1382 321 1441 paulo
354 1387 456 1439 post
486 1398 547 1425 cc.
580 1381 715 1427 CVII
747 1381 856 1427 CIX
890 1383 1079 1443 scripsit.

303 1456 402 1500 Hoc
434 1471 551 1500 novo
584 1463 847 1514 argumento
887 1463 1122 1517 postquam
1163 1457 1286 1501 illam
1320 1456 1375 1500 de
1416 1455 1570 1500 ordine
1602 1471 1694 1500 car-

188 1532 358 1574 minum
387 1531 766 1576 LXIX—CXVI
806 1532 1072 1575 sententiam
1114 1533 1305 1590 probare
1347 1531 1533 1589 contigit
1565 1531 1695 1574 confi-

191 1602 367 1647 dentius
398 1603 485 1646 iam
518 1603 712 1663 suscipio
748 1603 943 1648 carmina
984 1604 1142 1647 tertiae
1175 1604 1313 1663 partis
1352 1604 1579 1647 illustrare
1616 1603 1696 1646 illa

190 1679 412 1723 sententia
443 1695 522 1737 pro
554 1678 844 1722 fundamento
876 1695 995 1723 usus.
1044 1677 1222 1736 Sequor
1252 1694 1358 1723 vero
1387 1679 1459 1723 hic
1493 1678 1696 1723 ordinem
1751 1686 1753 1688 ’

188 1753 316 1797 illum
348 1753 594 1797 carminum
634 1767 764 1811 quem
806 1753 853 1797 in
881 1753 1157 1798 Lachmanni
1186 1753 1462 1813 Hauptiique
1493 1752 1696 1797 editioni-

189 1830 271 1872 bus
298 1829 500 1872 invenies
534 1829 686 1888 (supra
719 1829 773 1871 de
807 1829 889 1871 hac
919 1843 968 1872 re
1001 1828 1190 1872 disserui
1220 1844 1264 1887 p.
1284 1828 1489 1885 21-24).

304 1902 417 1946 Tres
448 1902 695 1946 carminum
716 1903 832 1961 cycli
861 1903 935 1947 hic
952 1904 1071 1947 inter
1091 1909 1240 1948 cetera
1264 1904 1458 1948 carmina
1479 1903 1695 1948 eminent:

189 1978 385 2020 carmina
439 1977 643 2022 LXIX—-
656 1978 893 2034 LXXIII,
938 1979 1215 2023 LXXXVII
1278 1979 1507 2036 LXXVI,
1564 1976 1697 2023 CVII

191 2049 317 2094 CIX.
377 2049 659 2094 Carminibus
688 2051 1109 2095 LXIx—-LXXIII
1131 2051 1299 2111 primas
1328 2051 1384 2094 de
1413 2051 1604 2095 Lesbiae
1631 2051 1696 2095 in-

189 2125 406 2168 fidelitate
424 2125 628 2181 querelas
654 2125 811 2168 effudit
827 2132 977 2184 poeta;
996 2126 1188 2169 carmina
1204 2124 1482 2171 LXXXVII
1492 2124 1695 2170 LXXVI

189 2199 457 2243 cumulatam
478 2198 702 2242 miseriam
732 2198 1015 2256 animumque
1035 2205 1194 2257 poetae
1224 2214 1394 2244 summe
1426 2215 1695 2245 concussum

191 2280 234 2317 et
268 2274 575 2332 perturbatum
612 2279 848 2329 testantur3
884 2274 1153 2318 carminibus
1187 2274 1379 2333 denique
1416 2272 1546 2318 CVII
1588 2273 1698 2319 CIX

189 2348 601 2392 reconciliationem
644 2364 767 2391 suam
816 2364 917 2392 cum
965 2349 1130 2393 Lesbia
1181 2349 1424 2393 celebravit
1478 2347 1696 2394 Catullus.

190 2423 323 2478 Quod
375 2422 429 2466 ad
480 2437 661 2466 carmen
696 2422 898 2466 LXXVI
938 2423 1094 2466 attinet
1133 2439 1225 2467 non
1265 2438 1448 2481 possum
1490 2424 1696 2468 assentiri

189 2496 427 2541 Schwabio
458 2497 520 2556 (p.
542 2497 637 2540 123.
672 2497 773 2554 124)
804 2498 878 2555 qui
908 2498 1122 2542 iudicavit
1161 2498 1207 2541 in
1238 2504 1506 2557 perpetuum
1533 2514 1696 2542 renun-

189 2570 322 2614 tiasse
366 2570 451 2613 hoc
500 2570 693 2615 carmine
738 2577 917 2630 poetam
965 2570 1156 2616 Lesbiae
1198 2583 1407 2616 amorem.
1478 2571 1698 2616 Luctatur

189 2661 295 2690 sane
325 2645 497 2689 animus
529 2644 692 2689 Catulli
713 2660 865 2689 secum
892 2645 1155 2704 gravissime
1184 2652 1233 2689 ut
1265 2661 1317 2690 eo
1349 2660 1396 2689 se
1427 2645 1587 2704 erigat,
1615 2645 1696 2689 sed

188 2720 274 2763 hoc
310 2735 485 2763 carmen
517 2720 662 2779 ipsum
694 2726 883 2764 testatur
910 2720 1179 2765 firmioribus
1218 2720 1365 2766 adhue
1410 2720 1574 2766 amoris
1600 2719 1695 2765 vin-
