<?xml version="1.0" encoding="UTF-8"?>
<!DOCTYPE html PUBLIC "-//W3C//DTD XHTML 1.0 Transitional//EN"
    "http://www.w3.org/TR/xhtml1/DTD/xhtml1-transitional.dtd">
<html xmlns="http://www.w3.org/1999/xhtml" xml:lang="en" lang="en">
 <head>
  <title>
</title>
<meta http-equiv="Content-Type" content="text/html;charset=utf-8" />
  <meta name='ocr-system' content='tesseract 3.04.00' />
  <meta name='ocr-capabilities' content='ocr_page ocr_carea ocr_par ocr_line ocrx_word'/>
</head>
<body>
  <div class='ocr_page' id='page_1' title='image "4737193_0021.png"; bbox 0 0 1848 2944; ppageno 0'>
   <div class='ocr_carea' id='block_1_1' title="bbox 884 74 933 119">
    <p class='ocr_par' dir='ltr' id='par_1_1' title="bbox 884 74 933 119">
     <span class='ocr_line' id='line_1_1' title="bbox 884 74 933 119; baseline -0.041 0"><span class='ocrx_word' id='word_1_1' title='bbox 884 74 933 119; x_wconf 83' lang='lat'><strong>11</strong></span> 
     </span>
    </p>
   </div>
   <div class='ocr_carea' id='block_1_2' title="bbox 122 197 1664 2116">
    <p class='ocr_par' dir='ltr' id='par_1_2' title="bbox 158 197 1658 485">
     <span class='ocr_line' id='line_1_2' title="bbox 160 197 1658 250; baseline -0.006 -1"><span class='ocrx_word' id='word_1_2' title='bbox 160 205 279 250; x_wconf 83' lang='lat' dir='ltr'><strong>libus</strong></span> <span class='ocrx_word' id='word_1_3' title='bbox 309 219 417 250; x_wconf 74' lang='lat' dir='ltr'><strong>vero</strong></span> <span class='ocrx_word' id='word_1_4' title='bbox 448 201 715 248; x_wconf 83' lang='lat' dir='ltr'><strong>lectionibus</strong></span> <span class='ocrx_word' id='word_1_5' title='bbox 746 199 1055 245; x_wconf 80' lang='lat' dir='ltr'><strong>auctoritatem</strong></span> <span class='ocrx_word' id='word_1_6' title='bbox 1083 199 1157 243; x_wconf 82' lang='lat' dir='ltr'><strong>vel</strong></span> <span class='ocrx_word' id='word_1_7' title='bbox 1186 197 1421 243; x_wconf 86' lang='lat' dir='ltr'><strong>meliorum</strong></span> <span class='ocrx_word' id='word_1_8' title='bbox 1453 197 1658 241; x_wconf 81' lang='lat' dir='ltr'><strong>codicum</strong></span> 
     </span>
     <span class='ocr_line' id='line_1_3' title="bbox 161 271 1659 329; baseline -0.008 -1"><span class='ocrx_word' id='word_1_9' title='bbox 161 279 515 329; x_wconf 75' lang='lat' dir='ltr'><strong>Catullianorum</strong></span> <span class='ocrx_word' id='word_1_10' title='bbox 543 275 660 321; x_wconf 85' lang='lat' dir='ltr'><strong>nihil</strong></span> <span class='ocrx_word' id='word_1_11' title='bbox 686 275 837 320; x_wconf 81' lang='lat' dir='ltr'><strong>valere</strong></span> <span class='ocrx_word' id='word_1_12' title='bbox 854 273 1117 322; x_wconf 80' lang='lat' dir='ltr'><strong>Schwabius</strong></span> <span class='ocrx_word' id='word_1_13' title='bbox 1146 273 1478 318; x_wconf 81' lang='lat' dir='ltr'><strong>enumeratione</strong></span> <span class='ocrx_word' id='word_1_14' title='bbox 1499 271 1659 317; x_wconf 86' lang='lat' dir='ltr'><strong>multo</strong></span> 
     </span>
     <span class='ocr_line' id='line_1_4' title="bbox 158 346 1658 408; baseline -0.006 -9"><span class='ocrx_word' id='word_1_15' title='bbox 158 369 257 400; x_wconf 80' lang='lat' dir='ltr'><strong>rum</strong></span> <span class='ocrx_word' id='word_1_16' title='bbox 285 354 501 408; x_wconf 86' lang='lat' dir='ltr'><strong>locorum,</strong></span> <span class='ocrx_word' id='word_1_17' title='bbox 530 351 608 395; x_wconf 92' lang='lat' dir='ltr'><strong>ubi</strong></span> <span class='ocrx_word' id='word_1_18' title='bbox 637 350 816 394; x_wconf 80' lang='lat' dir='ltr'><strong>litterae</strong></span> <span class='ocrx_word' id='word_1_19' title='bbox 843 364 874 393; x_wconf 91' lang='lat' dir='ltr'><strong>n</strong></span> <span class='ocrx_word' id='word_1_20' title='bbox 909 355 954 393; x_wconf 86' lang='lat' dir='ltr'><strong>et</strong></span> <span class='ocrx_word' id='word_1_21' title='bbox 982 363 1011 390; x_wconf 84' lang='lat' dir='ltr'>v</span> <span class='ocrx_word' id='word_1_22' title='bbox 1042 348 1253 393; x_wconf 81' lang='lat' dir='ltr'><strong>confusae</strong></span> <span class='ocrx_word' id='word_1_23' title='bbox 1281 354 1384 392; x_wconf 83' lang='lat' dir='ltr'><strong>sunt</strong></span> <span class='ocrx_word' id='word_1_24' title='bbox 1397 347 1565 392; x_wconf 80' lang='lat' dir='ltr'><strong>affatim</strong></span> <span class='ocrx_word' id='word_1_25' title='bbox 1581 346 1658 390; x_wconf 89' lang='lat' dir='ltr'><strong>de·</strong></span> 
     </span>
     <span class='ocr_line' id='line_1_5' title="bbox 160 424 652 485; baseline -0.011 -12"><span class='ocrx_word' id='word_1_26' title='bbox 160 427 423 473; x_wconf 77' lang='lat' dir='ltr'><strong>monstravit</strong></span> <span class='ocrx_word' id='word_1_27' title='bbox 452 428 515 485; x_wconf 90' lang='lat' dir='ltr'><strong>(p.</strong></span> <span class='ocrx_word' id='word_1_28' title='bbox 535 424 652 481; x_wconf 87' lang='lat'>154).</span> 
     </span>
    </p>

    <p class='ocr_par' dir='ltr' id='par_1_3' title="bbox 122 495 1664 2116">
     <span class='ocr_line' id='line_1_6' title="bbox 270 495 1660 556; baseline -0.004 -11"><span class='ocrx_word' id='word_1_29' title='bbox 270 500 326 545; x_wconf 91' lang='lat' dir='ltr'>In</span> <span class='ocrx_word' id='word_1_30' title='bbox 355 501 509 545; x_wconf 89' lang='lat' dir='ltr'><strong>ambos</strong></span> <span class='ocrx_word' id='word_1_31' title='bbox 538 498 716 556; x_wconf 86' lang='lat' dir='ltr'><strong>deinde,</strong></span> <span class='ocrx_word' id='word_1_32' title='bbox 744 497 935 543; x_wconf 86' lang='lat' dir='ltr'><strong>Furium</strong></span> <span class='ocrx_word' id='word_1_33' title='bbox 965 495 1311 552; x_wconf 78' lang='lat' dir='ltr'><strong>Aureliumque,</strong></span> <span class='ocrx_word' id='word_1_34' title='bbox 1349 495 1563 554; x_wconf 82' lang='lat' dir='ltr'><strong>scriptum</strong></span> <span class='ocrx_word' id='word_1_35' title='bbox 1592 501 1660 540; x_wconf 80' lang='lat' dir='ltr'><strong>est</strong></span> 
     </span>
     <span class='ocr_line' id='line_1_7' title="bbox 160 568 1657 633; baseline -0.005 -13"><span class='ocrx_word' id='word_1_36' title='bbox 160 590 291 621; x_wconf 85' lang='lat' dir='ltr'><strong>carm.</strong></span> <span class='ocrx_word' id='word_1_37' title='bbox 320 574 452 633; x_wconf 87' lang='lat' dir='ltr'>XVI,</span> <span class='ocrx_word' id='word_1_38' title='bbox 489 574 537 620; x_wconf 92' lang='lat' dir='ltr'><strong>in</strong></span> <span class='ocrx_word' id='word_1_39' title='bbox 564 572 823 620; x_wconf 76' lang='lat' dir='ltr'><strong>Iuventium</strong></span> <span class='ocrx_word' id='word_1_40' title='bbox 855 585 964 616; x_wconf 83' lang='lat' dir='ltr'><strong>vero</strong></span> <span class='ocrx_word' id='word_1_41' title='bbox 997 584 1135 616; x_wconf 83' lang='lat' dir='ltr'><strong>carm.</strong></span> <span class='ocrx_word' id='word_1_42' title='bbox 1163 568 1314 627; x_wconf 86' lang='lat' dir='ltr'>XXV,</span> <span class='ocrx_word' id='word_1_43' title='bbox 1346 568 1393 613; x_wconf 90' lang='lat' dir='ltr'><strong>id</strong></span> <span class='ocrx_word' id='word_1_44' title='bbox 1424 568 1543 629; x_wconf 90' lang='lat' dir='ltr'><strong>quod</strong></span> <span class='ocrx_word' id='word_1_45' title='bbox 1568 568 1657 628; x_wconf 91' lang='lat' dir='ltr'><strong>pri-</strong></span> 
     </span>
     <span class='ocr_line' id='line_1_8' title="bbox 146 642 1660 708; baseline -0.005 -14"><span class='ocrx_word' id='word_1_46' title='bbox 146 656 260 694; x_wconf 85' lang='lat' dir='ltr'><strong>&#39;mus</strong></span> <span class='ocrx_word' id='word_1_47' title='bbox 290 649 557 695; x_wconf 76' lang='lat' dir='ltr'><strong>Schwabius</strong></span> <span class='ocrx_word' id='word_1_48' title='bbox 590 649 652 708; x_wconf 88' lang='lat' dir='ltr'><strong>(p.</strong></span> <span class='ocrx_word' id='word_1_49' title='bbox 684 646 929 703; x_wconf 67' lang='lat'>150—152)</span> <span class='ocrx_word' id='word_1_50' title='bbox 959 645 1098 690; x_wconf 84' lang='lat' dir='ltr'><strong>sensit</strong></span> <span class='ocrx_word' id='word_1_51' title='bbox 1129 644 1219 702; x_wconf 79' lang='lat' dir='ltr'><strong>,qui</strong></span> <span class='ocrx_word' id='word_1_52' title='bbox 1249 642 1464 688; x_wconf 81' lang='lat' dir='ltr'><strong>iudicavit</strong></span> <span class='ocrx_word' id='word_1_53' title='bbox 1497 657 1660 688; x_wconf 88' lang='lat' dir='ltr'><strong>nomen</strong></span> 
     </span>
     <span class='ocr_line' id='line_1_9' title="bbox 161 717 1660 779; baseline -0.005 -11"><span class='ocrx_word' id='word_1_54' title='bbox 161 723 374 768; x_wconf 83' lang='lat' dir='ltr'><strong>‘Thallus’</strong></span> <span class='ocrx_word' id='word_1_55' title='bbox 407 738 500 769; x_wconf 91' lang='lat' dir='ltr'><strong>non</strong></span> <span class='ocrx_word' id='word_1_56' title='bbox 531 723 676 768; x_wconf 86' lang='lat' dir='ltr'><strong>solum</strong></span> <span class='ocrx_word' id='word_1_57' title='bbox 708 736 917 779; x_wconf 80' lang='lat' dir='ltr'><strong>graecam</strong></span> <span class='ocrx_word' id='word_1_58' title='bbox 957 735 1056 765; x_wconf 87' lang='lat' dir='ltr'><strong>esse</strong></span> <span class='ocrx_word' id='word_1_59' title='bbox 1095 718 1438 764; x_wconf 84' lang='lat' dir='ltr'><strong>conversionem</strong></span> <span class='ocrx_word' id='word_1_60' title='bbox 1467 717 1660 762; x_wconf 86' lang='lat' dir='ltr'><strong>nominis</strong></span> 
     </span>
     <span class='ocr_line' id='line_1_10' title="bbox 164 792 1662 852; baseline -0.005 -9"><span class='ocrx_word' id='word_1_61' title='bbox 164 798 425 844; x_wconf 82' lang='lat' dir='ltr'><strong>‘Iuventius’</strong></span> <span class='ocrx_word' id='word_1_62' title='bbox 460 797 540 841; x_wconf 91' lang='lat' dir='ltr'><strong>sed</strong></span> <span class='ocrx_word' id='word_1_63' title='bbox 568 798 806 841; x_wconf 87' lang='lat' dir='ltr'><strong>formatum</strong></span> <span class='ocrx_word' id='word_1_64' title='bbox 839 794 969 839; x_wconf 84' lang='lat' dir='ltr'><strong>etiam</strong></span> <span class='ocrx_word' id='word_1_65' title='bbox 995 794 1053 838; x_wconf 90' lang='lat' dir='ltr'><strong>ad</strong></span> <span class='ocrx_word' id='word_1_66' title='bbox 1079 793 1417 837; x_wconf 86' lang='lat' dir='ltr'><strong>similitudinem</strong></span> <span class='ocrx_word' id='word_1_67' title='bbox 1435 792 1662 852; x_wconf 88' lang='lat' dir='ltr'><strong>cognomi·</strong></span> 
     </span>
     <span class='ocr_line' id='line_1_11' title="bbox 163 866 1661 930; baseline -0.007 -10"><span class='ocrx_word' id='word_1_68' title='bbox 163 873 232 920; x_wconf 80' lang='lat' dir='ltr'><strong>nis</strong></span> <span class='ocrx_word' id='word_1_69' title='bbox 258 872 427 918; x_wconf 80' lang='lat' dir='ltr'><strong>Talnae</strong></span> <span class='ocrx_word' id='word_1_70' title='bbox 458 871 578 930; x_wconf 88' lang='lat' dir='ltr'><strong>quod</strong></span> <span class='ocrx_word' id='word_1_71' title='bbox 605 870 1015 930; x_wconf 74' lang='lat' dir='ltr'><strong>stequentissimum</strong></span> <span class='ocrx_word' id='word_1_72' title='bbox 1047 868 1184 913; x_wconf 86' lang='lat' dir='ltr'><strong>fuerit</strong></span> <span class='ocrx_word' id='word_1_73' title='bbox 1214 868 1262 912; x_wconf 90' lang='lat' dir='ltr'><strong>in</strong></span> <span class='ocrx_word' id='word_1_74' title='bbox 1300 866 1467 912; x_wconf 84' lang='lat' dir='ltr'><strong>familia</strong></span> <span class='ocrx_word' id='word_1_75' title='bbox 1499 867 1661 912; x_wconf 86' lang='lat' dir='ltr'><strong>Iuven-</strong></span> 
     </span>
     <span class='ocr_line' id='line_1_12' title="bbox 122 941 1663 1002; baseline -0.005 -10"><span class='ocrx_word' id='word_1_76' title='bbox 122 942 141 950; x_wconf 51' lang='lat'>⁴</span> <span class='ocrx_word' id='word_1_77' title='bbox 162 947 352 992; x_wconf 84' lang='lat' dir='ltr'><strong>tiorum:</strong></span> <span class='ocrx_word' id='word_1_78' title='bbox 385 945 557 992; x_wconf 85' lang='lat' dir='ltr'><strong>collatis</strong></span> <span class='ocrx_word' id='word_1_79' title='bbox 586 950 707 990; x_wconf 88' lang='lat' dir='ltr'><strong>certe</strong></span> <span class='ocrx_word' id='word_1_80' title='bbox 733 944 797 989; x_wconf 86' lang='lat' dir='ltr'><strong>eis</strong></span> <span class='ocrx_word' id='word_1_81' title='bbox 814 942 1087 989; x_wconf 80' lang='lat' dir='ltr'><strong>carminibus</strong></span> <span class='ocrx_word' id='word_1_82' title='bbox 1103 957 1219 1002; x_wconf 87' lang='lat' dir='ltr'><strong>quae</strong></span> <span class='ocrx_word' id='word_1_83' title='bbox 1232 942 1359 987; x_wconf 87' lang='lat' dir='ltr'><strong>iuxta</strong></span> <span class='ocrx_word' id='word_1_84' title='bbox 1374 941 1663 986; x_wconf 84' lang='lat' dir='ltr'><strong>inveniuntur</strong></span> 
     </span>
     <span class='ocr_line' id='line_1_13' title="bbox 161 1015 1663 1078; baseline -0.005 -12"><span class='ocrx_word' id='word_1_85' title='bbox 161 1021 247 1066; x_wconf 82' lang='lat' dir='ltr'><strong>hoc</strong></span> <span class='ocrx_word' id='word_1_86' title='bbox 289 1035 471 1065; x_wconf 86' lang='lat' dir='ltr'><strong>carmen</strong></span> <span class='ocrx_word' id='word_1_87' title='bbox 508 1025 630 1065; x_wconf 88' lang='lat' dir='ltr'><strong>recte</strong></span> <span class='ocrx_word' id='word_1_88' title='bbox 669 1019 852 1063; x_wconf 89' lang='lat' dir='ltr'><strong>demum</strong></span> <span class='ocrx_word' id='word_1_89' title='bbox 891 1023 1039 1078; x_wconf 87' lang='lat' dir='ltr'><strong>potest</strong></span> <span class='ocrx_word' id='word_1_90' title='bbox 1076 1016 1294 1074; x_wconf 84' lang='lat' dir='ltr'><strong>intellegi.</strong></span> <span class='ocrx_word' id='word_1_91' title='bbox 1324 1041 1381 1048; x_wconf 89' lang='lat'><strong>-—</strong></span> <span class='ocrx_word' id='word_1_92' title='bbox 1410 1015 1577 1061; x_wconf 86' lang='lat' dir='ltr'><strong>Furius</strong></span> <span class='ocrx_word' id='word_1_93' title='bbox 1617 1020 1663 1059; x_wconf 90' lang='lat' dir='ltr'><strong>et</strong></span> 
     </span>
     <span class='ocr_line' id='line_1_14' title="bbox 162 1089 1663 1141; baseline -0.004 -2"><span class='ocrx_word' id='word_1_94' title='bbox 162 1094 377 1140; x_wconf 75' lang='lat' dir='ltr'><strong>Aurelius</strong></span> <span class='ocrx_word' id='word_1_95' title='bbox 407 1109 507 1138; x_wconf 91' lang='lat' dir='ltr'><strong>cum</strong></span> <span class='ocrx_word' id='word_1_96' title='bbox 535 1093 703 1141; x_wconf 83' lang='lat' dir='ltr'><strong>Catulli</strong></span> <span class='ocrx_word' id='word_1_97' title='bbox 733 1091 1056 1137; x_wconf 87' lang='lat' dir='ltr'><strong>consuetudine</strong></span> <span class='ocrx_word' id='word_1_98' title='bbox 1088 1096 1321 1136; x_wconf 86' lang='lat' dir='ltr'><strong>uterentur</strong></span> <span class='ocrx_word' id='word_1_99' title='bbox 1356 1089 1516 1134; x_wconf 87' lang='lat' dir='ltr'><strong>eodem</strong></span> <span class='ocrx_word' id='word_1_100' title='bbox 1553 1096 1663 1134; x_wconf 89' lang='lat' dir='ltr'><strong>tem-</strong></span> 
     </span>
     <span class='ocr_line' id='line_1_15' title="bbox 162 1165 1664 1229; baseline -0.005 -15"><span class='ocrx_word' id='word_1_101' title='bbox 162 1183 273 1229; x_wconf 86' lang='lat' dir='ltr'><strong>pore</strong></span> <span class='ocrx_word' id='word_1_102' title='bbox 304 1169 380 1227; x_wconf 87' lang='lat' dir='ltr'><strong>(cf.</strong></span> <span class='ocrx_word' id='word_1_103' title='bbox 409 1167 540 1224; x_wconf 85' lang='lat' dir='ltr'>XVI,</span> <span class='ocrx_word' id='word_1_104' title='bbox 571 1168 621 1225; x_wconf 79' lang='lat'><strong>23</strong></span> <span class='ocrx_word' id='word_1_105' title='bbox 664 1167 748 1224; x_wconf 92' lang='lat' dir='ltr'><strong>XI,</strong></span> <span class='ocrx_word' id='word_1_106' title='bbox 777 1167 838 1225; x_wconf 91' lang='lat'>1),</span> <span class='ocrx_word' id='word_1_107' title='bbox 884 1165 1004 1226; x_wconf 89' lang='lat' dir='ltr'><strong>quod</strong></span> <span class='ocrx_word' id='word_1_108' title='bbox 1035 1172 1213 1225; x_wconf 83' lang='lat' dir='ltr'><strong>tempus</strong></span> <span class='ocrx_word' id='word_1_109' title='bbox 1244 1178 1333 1209; x_wconf 93' lang='lat' dir='ltr'><strong>non</strong></span> <span class='ocrx_word' id='word_1_110' title='bbox 1362 1165 1550 1223; x_wconf 81' lang='lat' dir='ltr'><strong>longum</strong></span> <span class='ocrx_word' id='word_1_111' title='bbox 1580 1178 1664 1223; x_wconf 89' lang='lat' dir='ltr'><strong>po—</strong></span> 
     </span>
     <span class='ocr_line' id='line_1_16' title="bbox 164 1238 1661 1301; baseline -0.003 -14"><span class='ocrx_word' id='word_1_112' title='bbox 164 1246 252 1288; x_wconf 79' lang='lat' dir='ltr'><strong>test</strong></span> <span class='ocrx_word' id='word_1_113' title='bbox 287 1243 424 1287; x_wconf 86' lang='lat' dir='ltr'><strong>fuisse</strong></span> <span class='ocrx_word' id='word_1_114' title='bbox 457 1242 665 1301; x_wconf 85' lang='lat' dir='ltr'><strong>quoniam</strong></span> <span class='ocrx_word' id='word_1_115' title='bbox 693 1255 964 1301; x_wconf 88' lang='lat' dir='ltr'><strong>unoquoque</strong></span> <span class='ocrx_word' id='word_1_116' title='bbox 1005 1239 1203 1284; x_wconf 88' lang='lat' dir='ltr'><strong>carmine</strong></span> <span class='ocrx_word' id='word_1_117' title='bbox 1242 1238 1360 1283; x_wconf 91' lang='lat' dir='ltr'><strong>nudo</strong></span> <span class='ocrx_word' id='word_1_118' title='bbox 1404 1243 1661 1298; x_wconf 88' lang='lat' dir='ltr'><strong>contemptu</strong></span> 
     </span>
     <span class='ocr_line' id='line_1_17' title="bbox 164 1314 1661 1378; baseline -0.003 -17"><span class='ocrx_word' id='word_1_119' title='bbox 164 1323 298 1378; x_wconf 88' lang='lat' dir='ltr'><strong>poeta</strong></span> <span class='ocrx_word' id='word_1_120' title='bbox 325 1331 479 1361; x_wconf 88' lang='lat' dir='ltr'><strong>eorum</strong></span> <span class='ocrx_word' id='word_1_121' title='bbox 508 1317 755 1375; x_wconf 80' lang='lat' dir='ltr'><strong>nequitiam</strong></span> <span class='ocrx_word' id='word_1_122' title='bbox 784 1315 1074 1375; x_wconf 72' lang='lat' dir='ltr'><strong>putidumque</strong></span> <span class='ocrx_word' id='word_1_123' title='bbox 1091 1314 1265 1360; x_wconf 83' lang='lat' dir='ltr'><strong>deridet</strong></span> <span class='ocrx_word' id='word_1_124' title='bbox 1295 1314 1557 1374; x_wconf 74' lang='lat' dir='ltr'><strong>egestatem,</strong></span> <span class='ocrx_word' id='word_1_125' title='bbox 1582 1328 1661 1372; x_wconf 84' lang='lat' dir='ltr'><strong>ap-</strong></span> 
     </span>
     <span class='ocr_line' id='line_1_18' title="bbox 163 1388 1659 1450; baseline -0.001 -14"><span class='ocrx_word' id='word_1_126' title='bbox 163 1397 294 1450; x_wconf 86' lang='lat' dir='ltr'><strong>paret</strong></span> <span class='ocrx_word' id='word_1_127' title='bbox 326 1391 475 1436; x_wconf 82' lang='lat' dir='ltr'><strong>omnia</strong></span> <span class='ocrx_word' id='word_1_128' title='bbox 502 1391 579 1436; x_wconf 86' lang='lat' dir='ltr'><strong>illa</strong></span> <span class='ocrx_word' id='word_1_129' title='bbox 596 1391 805 1437; x_wconf 54' lang='lat' dir='ltr'><strong>*carmina</strong></span> <span class='ocrx_word' id='word_1_130' title='bbox 831 1391 936 1448; x_wconf 88' lang='lat' dir='ltr'><strong>XV,</strong></span> <span class='ocrx_word' id='word_1_131' title='bbox 957 1391 1089 1448; x_wconf 90' lang='lat' dir='ltr'>XVI,</span> <span class='ocrx_word' id='word_1_132' title='bbox 1104 1389 1442 1437; x_wconf 75' lang='lat' dir='ltr'>XXI—XXVI</span> <span class='ocrx_word' id='word_1_133' title='bbox 1459 1388 1542 1435; x_wconf 87' lang='lat' dir='ltr'><strong>sibi</strong></span> <span class='ocrx_word' id='word_1_134' title='bbox 1559 1404 1659 1435; x_wconf 78' lang='lat' dir='ltr'><strong>esse</strong></span> 
     </span>
     <span class='ocr_line' id='line_1_19' title="bbox 162 1464 1660 1536; baseline 0 -26"><span class='ocrx_word' id='word_1_135' title='bbox 162 1465 367 1522; x_wconf 84' lang='lat' dir='ltr'><strong>aequalia</strong></span> <span class='ocrx_word' id='word_1_136' title='bbox 392 1465 435 1509; x_wconf 89' lang='lat' dir='ltr'><strong>h.</strong></span> <span class='ocrx_word' id='word_1_137' title='bbox 466 1481 506 1512; x_wconf 88' lang='lat' dir='ltr'><strong>e.</strong></span> <span class='ocrx_word' id='word_1_138' title='bbox 535 1466 797 1511; x_wconf 82' lang='lat' dir='ltr'><strong>brevissimo</strong></span> <span class='ocrx_word' id='word_1_139' title='bbox 827 1473 1027 1526; x_wconf 87' lang='lat' dir='ltr'><strong>tempore</strong></span> <span class='ocrx_word' id='word_1_140' title='bbox 1020 1480 1157 1536; x_wconf 47' lang='lat' dir='ltr'><strong>laese</strong></span> <span class='ocrx_word' id='word_1_141' title='bbox 1189 1467 1438 1527; x_wconf 83' lang='lat' dir='ltr'><strong>excepisse.</strong></span> <span class='ocrx_word' id='word_1_142' title='bbox 1498 1464 1660 1525; x_wconf 84' lang='lat' dir='ltr'><strong>[Inter-</strong></span> 
     </span>
     <span class='ocr_line' id='line_1_20' title="bbox 165 1539 1663 1603; baseline 0.001 -21"><span class='ocrx_word' id='word_1_143' title='bbox 165 1544 432 1603; x_wconf 86' lang='lat' dir='ltr'><strong>rumpuntur</strong></span> <span class='ocrx_word' id='word_1_144' title='bbox 461 1539 573 1583; x_wconf 87' lang='lat' dir='ltr'><strong>haec</strong></span> <span class='ocrx_word' id='word_1_145' title='bbox 607 1539 801 1589; x_wconf 88' lang='lat' dir='ltr'><strong>carmina</strong></span> <span class='ocrx_word' id='word_1_146' title='bbox 831 1539 879 1584; x_wconf 89' lang='lat' dir='ltr'><strong>in</strong></span> <span class='ocrx_word' id='word_1_147' title='bbox 894 1540 1147 1597; x_wconf 88' lang='lat' dir='ltr'><strong>Aurelium,</strong></span> <span class='ocrx_word' id='word_1_148' title='bbox 1176 1541 1377 1599; x_wconf 86' lang='lat' dir='ltr'><strong>Furium,</strong></span> <span class='ocrx_word' id='word_1_149' title='bbox 1406 1540 1663 1585; x_wconf 86' lang='lat' dir='ltr'><strong>Iuventium</strong></span> 
     </span>
     <span class='ocr_line' id='line_1_21' title="bbox 165 1611 1663 1673; baseline 0.001 -17"><span class='ocrx_word' id='word_1_150' title='bbox 165 1611 338 1657; x_wconf 86' lang='lat' dir='ltr'><strong>duobus</strong></span> <span class='ocrx_word' id='word_1_151' title='bbox 368 1613 465 1659; x_wconf 83' lang='lat' dir='ltr'><strong>aliis</strong></span> <span class='ocrx_word' id='word_1_152' title='bbox 498 1614 663 1659; x_wconf 89' lang='lat' dir='ltr'><strong>diversi</strong></span> <span class='ocrx_word' id='word_1_153' title='bbox 688 1614 869 1673; x_wconf 84' lang='lat' dir='ltr'><strong>generis</strong></span> <span class='ocrx_word' id='word_1_154' title='bbox 898 1613 1044 1660; x_wconf 92' lang='lat' dir='ltr'>XVII</span> <span class='ocrx_word' id='word_1_155' title='bbox 1072 1613 1228 1660; x_wconf 92' lang='lat' dir='ltr'>XXII.</span> <span class='ocrx_word' id='word_1_156' title='bbox 1272 1616 1345 1661; x_wconf 90' lang='lat' dir='ltr'><strong>De</strong></span> <span class='ocrx_word' id='word_1_157' title='bbox 1374 1631 1412 1660; x_wconf 88' lang='lat' dir='ltr'><strong>c.</strong></span> <span class='ocrx_word' id='word_1_158' title='bbox 1429 1615 1575 1661; x_wconf 89' lang='lat' dir='ltr'>XVII</span> <span class='ocrx_word' id='word_1_159' title='bbox 1598 1612 1663 1659; x_wconf 80' lang='lat' dir='ltr'><strong>ni·</strong></span> 
     </span>
     <span class='ocr_line' id='line_1_22' title="bbox 161 1686 1662 1749; baseline 0.001 -18"><span class='ocrx_word' id='word_1_160' title='bbox 161 1686 229 1731; x_wconf 89' lang='lat' dir='ltr'><strong>hil</strong></span> <span class='ocrx_word' id='word_1_161' title='bbox 257 1686 406 1731; x_wconf 81' lang='lat' dir='ltr'><strong>dicere</strong></span> <span class='ocrx_word' id='word_1_162' title='bbox 432 1703 684 1747; x_wconf 85' lang='lat' dir='ltr'><strong>possumus,</strong></span> <span class='ocrx_word' id='word_1_163' title='bbox 717 1690 837 1749; x_wconf 91' lang='lat' dir='ltr'><strong>quod</strong></span> <span class='ocrx_word' id='word_1_164' title='bbox 868 1704 977 1734; x_wconf 86' lang='lat' dir='ltr'><strong>vero</strong></span> <span class='ocrx_word' id='word_1_165' title='bbox 1010 1690 1065 1734; x_wconf 87' lang='lat' dir='ltr'><strong>ad</strong></span> <span class='ocrx_word' id='word_1_166' title='bbox 1085 1704 1218 1734; x_wconf 81' lang='lat' dir='ltr'><strong>carm.</strong></span> <span class='ocrx_word' id='word_1_167' title='bbox 1234 1690 1376 1735; x_wconf 91' lang='lat' dir='ltr'>XXII</span> <span class='ocrx_word' id='word_1_168' title='bbox 1401 1689 1558 1734; x_wconf 87' lang='lat' dir='ltr'><strong>attinet</strong></span> <span class='ocrx_word' id='word_1_169' title='bbox 1573 1703 1662 1749; x_wconf 87' lang='lat' dir='ltr'><strong>quo</strong></span> 
     </span>
     <span class='ocr_line' id='line_1_23' title="bbox 166 1761 1663 1823; baseline -0.001 -15"><span class='ocrx_word' id='word_1_170' title='bbox 166 1761 380 1808; x_wconf 80' lang='lat' dir='ltr'><strong>Suffenus</strong></span> <span class='ocrx_word' id='word_1_171' title='bbox 407 1763 725 1823; x_wconf 80' lang='lat' dir='ltr'><strong>perstringitur</strong></span> <span class='ocrx_word' id='word_1_172' title='bbox 754 1764 942 1809; x_wconf 84' lang='lat' dir='ltr'><strong>fortasse</strong></span> <span class='ocrx_word' id='word_1_173' title='bbox 974 1779 1064 1809; x_wconf 92' lang='lat' dir='ltr'><strong>non</strong></span> <span class='ocrx_word' id='word_1_174' title='bbox 1093 1771 1161 1810; x_wconf 91' lang='lat' dir='ltr'><strong>est</strong></span> <span class='ocrx_word' id='word_1_175' title='bbox 1190 1764 1421 1809; x_wconf 82' lang='lat' dir='ltr'><strong>fortuitum</strong></span> <span class='ocrx_word' id='word_1_176' title='bbox 1452 1763 1586 1822; x_wconf 91' lang='lat' dir='ltr'><strong>quod,</strong></span> <span class='ocrx_word' id='word_1_177' title='bbox 1611 1769 1663 1808; x_wconf 87' lang='lat' dir='ltr'><strong>ut</strong></span> 
     </span>
     <span class='ocr_line' id='line_1_24' title="bbox 161 1836 1662 1893; baseline 0.001 -14"><span class='ocrx_word' id='word_1_178' title='bbox 161 1836 248 1880; x_wconf 82' lang='lat' dir='ltr'><strong>hec</strong></span> <span class='ocrx_word' id='word_1_179' title='bbox 279 1851 458 1880; x_wconf 81' lang='lat' dir='ltr'><strong>carmen</strong></span> <span class='ocrx_word' id='word_1_180' title='bbox 487 1837 534 1879; x_wconf 91' lang='lat' dir='ltr'><strong>in</strong></span> <span class='ocrx_word' id='word_1_181' title='bbox 562 1837 709 1880; x_wconf 90' lang='lat' dir='ltr'><strong>medio</strong></span> <span class='ocrx_word' id='word_1_182' title='bbox 749 1838 900 1893; x_wconf 47' lang='lat' dir='ltr'><strong>cyclo*</strong></span> <span class='ocrx_word' id='word_1_183' title='bbox 923 1838 1173 1882; x_wconf 86' lang='lat' dir='ltr'><strong>invenimus</strong></span> <span class='ocrx_word' id='word_1_184' title='bbox 1218 1853 1373 1883; x_wconf 90' lang='lat' dir='ltr'><strong>eorum</strong></span> <span class='ocrx_word' id='word_1_185' title='bbox 1412 1837 1662 1882; x_wconf 80' lang='lat' dir='ltr'><strong>carminum</strong></span> 
     </span>
     <span class='ocr_line' id='line_1_25' title="bbox 163 1909 1662 1972; baseline 0.001 -19"><span class='ocrx_word' id='word_1_186' title='bbox 163 1923 277 1968; x_wconf 86' lang='lat' dir='ltr'><strong>quae</strong></span> <span class='ocrx_word' id='word_1_187' title='bbox 309 1909 365 1953; x_wconf 93' lang='lat' dir='ltr'><strong>dc</strong></span> <span class='ocrx_word' id='word_1_188' title='bbox 395 1909 600 1954; x_wconf 77' lang='lat' dir='ltr'><strong>Iuventio</strong></span> <span class='ocrx_word' id='word_1_189' title='bbox 632 1910 809 1970; x_wconf 84' lang='lat' dir='ltr'><strong>scripsit</strong></span> <span class='ocrx_word' id='word_1_190' title='bbox 839 1917 984 1970; x_wconf 82' lang='lat' dir='ltr'><strong>poeta,</strong></span> <span class='ocrx_word' id='word_1_191' title='bbox 1014 1911 1076 1956; x_wconf 84' lang='lat' dir='ltr'><strong>ita</strong></span> <span class='ocrx_word' id='word_1_192' title='bbox 1103 1912 1308 1971; x_wconf 86' lang='lat' dir='ltr'><strong>proxime</strong></span> <span class='ocrx_word' id='word_1_193' title='bbox 1336 1918 1438 1956; x_wconf 85' lang='lat' dir='ltr'><strong>ante</strong></span> <span class='ocrx_word' id='word_1_194' title='bbox 1468 1911 1662 1972; x_wconf 86' lang='lat' dir='ltr'><strong>primum</strong></span> 
     </span>
     <span class='ocr_line' id='line_1_26' title="bbox 161 1982 1661 2042; baseline 0.002 -17"><span class='ocrx_word' id='word_1_195' title='bbox 161 1982 303 2027; x_wconf 60' lang='lat' dir='ltr'><strong>huius,</strong></span> <span class='ocrx_word' id='word_1_196' title='bbox 326 1983 443 2041; x_wconf 86' lang='lat' dir='ltr'><strong>cycli</strong></span> <span class='ocrx_word' id='word_1_197' title='bbox 481 1999 657 2030; x_wconf 87' lang='lat' dir='ltr'><strong>carmen</strong></span> <span class='ocrx_word' id='word_1_198' title='bbox 688 1984 914 2028; x_wconf 86' lang='lat' dir='ltr'><strong>antecedit</strong></span> <span class='ocrx_word' id='word_1_199' title='bbox 944 2001 982 2030; x_wconf 92' lang='lat' dir='ltr'><strong>c.</strong></span> <span class='ocrx_word' id='word_1_200' title='bbox 1013 1985 1143 2042; x_wconf 87' lang='lat' dir='ltr'>XIV,</span> <span class='ocrx_word' id='word_1_201' title='bbox 1185 1986 1262 2031; x_wconf 89' lang='lat' dir='ltr'><strong>ubi</strong></span> <span class='ocrx_word' id='word_1_202' title='bbox 1297 1986 1417 2030; x_wconf 87' lang='lat' dir='ltr'><strong>idem</strong></span> <span class='ocrx_word' id='word_1_203' title='bbox 1451 1985 1661 2032; x_wconf 75' lang='lat' dir='ltr'><strong>Suffenus</strong></span> 
     </span>
     <span class='ocr_line' id='line_1_27' title="bbox 166 2055 1663 2116; baseline 0.003 -18"><span class='ocrx_word' id='word_1_204' title='bbox 166 2055 228 2113; x_wconf 76' lang='lat' dir='ltr'><strong>(v.</strong></span> <span class='ocrx_word' id='word_1_205' title='bbox 244 2055 290 2113; x_wconf 89' lang='grc'><strong>9)</strong></span> <span class='ocrx_word' id='word_1_206' title='bbox 310 2056 345 2112; x_wconf 85' lang='grc'><strong>1)</strong></span> <span class='ocrx_word' id='word_1_207' title='bbox 379 2056 611 2102; x_wconf 87' lang='lat' dir='ltr'><strong>deridetur</strong></span> <span class='ocrx_word' id='word_1_208' title='bbox 639 2058 883 2116; x_wconf 81' lang='lat' dir='ltr'><strong>(intersunt</strong></span> <span class='ocrx_word' id='word_1_209' title='bbox 900 2073 1008 2102; x_wconf 85' lang='lat' dir='ltr'><strong>vero</strong></span> <span class='ocrx_word' id='word_1_210' title='bbox 1028 2059 1146 2103; x_wconf 87' lang='lat' dir='ltr'><strong>inter</strong></span> <span class='ocrx_word' id='word_1_211' title='bbox 1178 2073 1312 2104; x_wconf 88' lang='lat' dir='ltr'><strong>carm.</strong></span> <span class='ocrx_word' id='word_1_212' title='bbox 1331 2059 1445 2105; x_wconf 91' lang='lat' dir='ltr'><strong>XIV</strong></span> <span class='ocrx_word' id='word_1_213' title='bbox 1463 2065 1509 2103; x_wconf 88' lang='lat' dir='ltr'><strong>et</strong></span> <span class='ocrx_word' id='word_1_214' title='bbox 1522 2057 1663 2104; x_wconf 85' lang='lat' dir='ltr'>XXII</span> 
     </span>
    </p>
   </div>
   <div class='ocr_carea' id='block_1_3' title="bbox 228 2187 437 2194">
    <p class='ocr_par' dir='ltr' id='par_1_4' title="bbox 228 2187 437 2194">
     <span class='ocr_line' id='line_1_28' title="bbox 228 2187 437 2194; baseline 0 750"><span class='ocrx_word' id='word_1_215' title='bbox 228 2187 437 2194; x_wconf 95' lang='lat' dir='ltr'><strong> </strong></span> 
     </span>
    </p>
   </div>
   <div class='ocr_carea' id='block_1_4' title="bbox 157 2268 1663 2647">
    <p class='ocr_par' dir='ltr' id='par_1_5' title="bbox 157 2268 1663 2647">
     <span class='ocr_line' id='line_1_29' title="bbox 301 2268 1663 2320; baseline 0.001 -14"><span class='ocrx_word' id='word_1_216' title='bbox 301 2268 329 2316; x_wconf 88' lang='lat'><strong>¹)</strong></span> <span class='ocrx_word' id='word_1_217' title='bbox 357 2269 536 2309; x_wconf 75' lang='lat' dir='ltr'><strong>Ceterum</strong></span> <span class='ocrx_word' id='word_1_218' title='bbox 563 2270 624 2308; x_wconf 88' lang='lat' dir='ltr'><strong>illi</strong></span> <span class='ocrx_word' id='word_1_219' title='bbox 651 2271 833 2310; x_wconf 82' lang='lat' dir='ltr'><strong>videntur</strong></span> <span class='ocrx_word' id='word_1_220' title='bbox 860 2284 989 2310; x_wconf 84' lang='lat' dir='ltr'><strong>errare</strong></span> <span class='ocrx_word' id='word_1_221' title='bbox 1015 2272 1081 2320; x_wconf 89' lang='lat' dir='ltr'><strong>qui</strong></span> <span class='ocrx_word' id='word_1_222' title='bbox 1106 2272 1270 2309; x_wconf 83' lang='lat' dir='ltr'><strong>credunt</strong></span> <span class='ocrx_word' id='word_1_223' title='bbox 1293 2273 1451 2319; x_wconf 84' lang='lat' dir='ltr'><strong>praeter</strong></span> <span class='ocrx_word' id='word_1_224' title='bbox 1465 2270 1663 2309; x_wconf 84' lang='lat' dir='ltr'><strong>Suffenum</strong></span> 
     </span>
     <span class='ocr_line' id='line_1_30' title="bbox 161 2334 1661 2387; baseline 0.001 -16"><span class='ocrx_word' id='word_1_225' title='bbox 161 2334 326 2379; x_wconf 86' lang='lat' dir='ltr'><strong>ansios,</strong></span> <span class='ocrx_word' id='word_1_226' title='bbox 353 2335 524 2383; x_wconf 82' lang='lat' dir='ltr'><strong>Aquinos</strong></span> <span class='ocrx_word' id='word_1_227' title='bbox 550 2336 671 2374; x_wconf 86' lang='lat' dir='ltr'><strong>malos</strong></span> <span class='ocrx_word' id='word_1_228' title='bbox 700 2340 834 2385; x_wconf 80' lang='lat' dir='ltr'><strong>poetas</strong></span> <span class='ocrx_word' id='word_1_229' title='bbox 860 2338 1085 2387; x_wconf 80' lang='lat' dir='ltr'><strong>perstringi.</strong></span> <span class='ocrx_word' id='word_1_230' title='bbox 1124 2338 1234 2376; x_wconf 86' lang='lat' dir='ltr'><strong>Licet</strong></span> <span class='ocrx_word' id='word_1_231' title='bbox 1251 2338 1355 2375; x_wconf 84' lang='lat' dir='ltr'><strong>enim</strong></span> <span class='ocrx_word' id='word_1_232' title='bbox 1366 2336 1556 2385; x_wconf 84' lang='lat' dir='ltr'><strong>Aquinius</strong></span> <span class='ocrx_word' id='word_1_233' title='bbox 1580 2336 1661 2383; x_wconf 84' lang='lat' dir='ltr'><strong>qui-</strong></span> 
     </span>
     <span class='ocr_line' id='line_1_31' title="bbox 159 2400 1660 2451; baseline 0 -14"><span class='ocrx_word' id='word_1_234' title='bbox 159 2400 247 2437; x_wconf 84' lang='lat' dir='ltr'><strong>dam</strong></span> <span class='ocrx_word' id='word_1_235' title='bbox 276 2403 394 2451; x_wconf 86' lang='lat' dir='ltr'><strong>poeta</strong></span> <span class='ocrx_word' id='word_1_236' title='bbox 425 2402 535 2441; x_wconf 85' lang='lat' dir='ltr'><strong>nobis</strong></span> <span class='ocrx_word' id='word_1_237' title='bbox 566 2404 682 2440; x_wconf 73' lang='lat' dir='ltr'><strong>notus</strong></span> <span class='ocrx_word' id='word_1_238' title='bbox 717 2403 767 2440; x_wconf 84' lang='lat' dir='ltr'><strong>sit</strong></span> <span class='ocrx_word' id='word_1_239' title='bbox 793 2403 842 2440; x_wconf 85' lang='lat' dir='ltr'><strong>cf.</strong></span> <span class='ocrx_word' id='word_1_240' title='bbox 870 2403 947 2440; x_wconf 89' lang='lat' dir='ltr'><strong>Cic.</strong></span> <span class='ocrx_word' id='word_1_241' title='bbox 972 2404 1084 2440; x_wconf 91' lang='lat' dir='ltr'><strong>Tusc.</strong></span> <span class='ocrx_word' id='word_1_242' title='bbox 1112 2404 1210 2451; x_wconf 85' lang='lat' dir='ltr'><strong>disp.</strong></span> <span class='ocrx_word' id='word_1_243' title='bbox 1236 2402 1281 2447; x_wconf 90' lang='lat' dir='ltr'><strong>V,</strong></span> <span class='ocrx_word' id='word_1_244' title='bbox 1309 2406 1368 2447; x_wconf 87' lang='lat'><strong>22,</strong></span> <span class='ocrx_word' id='word_1_245' title='bbox 1394 2404 1441 2440; x_wconf 87' lang='lat'><strong>63</strong></span> <span class='ocrx_word' id='word_1_246' title='bbox 1469 2401 1660 2449; x_wconf 89' lang='lat' dir='ltr'><strong>quomodo</strong></span> 
     </span>
     <span class='ocr_line' id='line_1_32' title="bbox 158 2465 1660 2513; baseline 0 -11"><span class='ocrx_word' id='word_1_247' title='bbox 158 2465 266 2503; x_wconf 89' lang='lat' dir='ltr'><strong>credi</strong></span> <span class='ocrx_word' id='word_1_248' title='bbox 295 2469 426 2513; x_wconf 77' lang='lat' dir='ltr'><strong>potest</strong></span> <span class='ocrx_word' id='word_1_249' title='bbox 459 2470 539 2505; x_wconf 86' lang='lat' dir='ltr'><strong>tam</strong></span> <span class='ocrx_word' id='word_1_250' title='bbox 572 2468 797 2507; x_wconf 85' lang='lat' dir='ltr'><strong>inconcinne</strong></span> <span class='ocrx_word' id='word_1_251' title='bbox 827 2469 901 2506; x_wconf 91' lang='lat' dir='ltr'><strong>hoc</strong></span> <span class='ocrx_word' id='word_1_252' title='bbox 933 2469 1019 2506; x_wconf 91' lang='lat' dir='ltr'><strong>loco</strong></span> <span class='ocrx_word' id='word_1_253' title='bbox 1053 2470 1226 2506; x_wconf 87' lang='lat' dir='ltr'><strong>locutum</strong></span> <span class='ocrx_word' id='word_1_254' title='bbox 1264 2481 1347 2506; x_wconf 88' lang='lat' dir='ltr'><strong>esse</strong></span> <span class='ocrx_word' id='word_1_255' title='bbox 1387 2467 1581 2505; x_wconf 82' lang='lat' dir='ltr'><strong>Catullum</strong></span> <span class='ocrx_word' id='word_1_256' title='bbox 1616 2469 1660 2502; x_wconf 90' lang='lat' dir='ltr'><strong>ut</strong></span> 
     </span>
     <span class='ocr_line' id='line_1_33' title="bbox 157 2531 1661 2583; baseline 0 -14"><span class='ocrx_word' id='word_1_257' title='bbox 157 2531 303 2580; x_wconf 85' lang='lat' dir='ltr'><strong>plurali</strong></span> <span class='ocrx_word' id='word_1_258' title='bbox 314 2545 473 2570; x_wconf 88' lang='lat' dir='ltr'><strong>numero</strong></span> <span class='ocrx_word' id='word_1_259' title='bbox 489 2533 654 2572; x_wconf 86' lang='lat' dir='ltr'><strong>diceret:</strong></span> <span class='ocrx_word' id='word_1_260' title='bbox 674 2534 851 2579; x_wconf 87' lang='lat' dir='ltr'><strong>‘Caesi0s‚</strong></span> <span class='ocrx_word' id='word_1_261' title='bbox 866 2534 1051 2583; x_wconf 88' lang='lat' dir='ltr'><strong>Aquinos’</strong></span> <span class='ocrx_word' id='word_1_262' title='bbox 1071 2536 1257 2583; x_wconf 85' lang='lat' dir='ltr'><strong>singulari</strong></span> <span class='ocrx_word' id='word_1_263' title='bbox 1273 2534 1492 2572; x_wconf 84' lang='lat' dir='ltr'><strong>‘Suffenum’</strong></span> <span class='ocrx_word' id='word_1_264' title='bbox 1505 2533 1524 2570; x_wconf 79' lang='lat'><strong>¹?</strong></span> <span class='ocrx_word' id='word_1_265' title='bbox 1543 2545 1661 2581; x_wconf 81' lang='lat' dir='ltr'><strong>quan·</strong></span> 
     </span>
     <span class='ocr_line' id='line_1_34' title="bbox 157 2597 1661 2647; baseline 0.001 -12"><span class='ocrx_word' id='word_1_266' title='bbox 157 2600 243 2635; x_wconf 72' lang='lat' dir='ltr'><strong>tum</strong></span> <span class='ocrx_word' id='word_1_267' title='bbox 272 2598 449 2647; x_wconf 82' lang='lat' dir='ltr'><strong>equidem</strong></span> <span class='ocrx_word' id='word_1_268' title='bbox 474 2599 606 2644; x_wconf 84' lang='lat' dir='ltr'><strong>video,</strong></span> <span class='ocrx_word' id='word_1_269' title='bbox 645 2600 713 2637; x_wconf 87' lang='lat' dir='ltr'><strong>illa</strong></span> <span class='ocrx_word' id='word_1_270' title='bbox 747 2603 838 2637; x_wconf 85' lang='lat' dir='ltr'><strong>sunt</strong></span> <span class='ocrx_word' id='word_1_271' title='bbox 873 2599 1120 2638; x_wconf 85' lang='lat' dir='ltr'><strong>librariorum</strong></span> <span class='ocrx_word' id='word_1_272' title='bbox 1152 2600 1305 2637; x_wconf 81' lang='lat' dir='ltr'><strong>nomina</strong></span> <span class='ocrx_word' id='word_1_273' title='bbox 1340 2603 1380 2637; x_wconf 88' lang='lat' dir='ltr'><strong>et</strong></span> <span class='ocrx_word' id='word_1_274' title='bbox 1414 2601 1518 2637; x_wconf 87' lang='lat' dir='ltr'><strong>iuter</strong></span> <span class='ocrx_word' id='word_1_275' title='bbox 1541 2597 1661 2636; x_wconf 81' lang='lat' dir='ltr'><strong>verba</strong></span> 
     </span>
    </p>
   </div>
   <div class='ocr_carea' id='block_1_5' title="bbox 159 2730 1184 2773">
    <p class='ocr_par' dir='ltr' id='par_1_6' title="bbox 159 2730 1184 2773">
     <span class='ocr_line' id='line_1_35' title="bbox 159 2730 1184 2773; baseline 0.004 -8"><span class='ocrx_word' id='word_1_276' title='bbox 159 2730 425 2769; x_wconf 83' lang='lat' dir='ltr'><strong>tecedentibus</strong></span> <span class='ocrx_word' id='word_1_277' title='bbox 454 2732 536 2769; x_wconf 89' lang='lat' dir='ltr'><strong>‘Ad</strong></span> <span class='ocrx_word' id='word_1_278' title='bbox 559 2732 807 2770; x_wconf 82' lang='lat' dir='ltr'><strong>librariorum</strong></span> <span class='ocrx_word' id='word_1_279' title='bbox 833 2733 994 2771; x_wconf 76' lang='lat' dir='ltr'><strong>Curram</strong></span> <span class='ocrx_word' id='word_1_280' title='bbox 1021 2733 1184 2773; x_wconf 53' lang='lat' dir='ltr'><strong>scrinia&amp;</strong></span> 
     </span>
    </p>
   </div>
  </div>
 </body>
</html>
