1848 2944
901 69 957 114 36

165 200 269 237 ante
288 209 467 239 carmen
483 195 690 239 XXXVI
708 210 831 253 vero,
860 210 949 253 quo
980 196 1678 243 reconciliationemsuamzoum

164 268 326 313 Lesbia
358 271 556 315 celebrat
573 267 722 330 poeta,
754 277 874 315 certe
909 266 1573 331 carmina'LXIX-LXXIII,
1600 274 1677 318 ubi

162 344 308 401 primo
345 345 401 388 de
431 345 695 389 infidelitate
723 346 920 390 Lesbiae·
944 334 1149 404 queritur
1190 343 1324 406 poeta
1367 349 1499 393 sicuti
1542 363 1676 408 supra

164 418 470 464 demonstrare
496 420 746 465 studuimus
774 421 836 480 (p.
856 421 911 465 15
927 420 1058 481 sqq..)
1088 417 1181 469 Sed
1209 416 1284 470 hic
1312 424 1567 468 molestiam
1597 438 1676 468 ex-

163 493 288 537 hibet
320 509 476 539 versus
506 495 535 538 5
566 495 776 539 calminis
807 490 1018 540 XXXVI

443 566 766 646 Desissemque
792 591 942 632 truces
974 578 1154 632 vibrare
1185 587 1199 631 i
1216 604 1244 632 a
1255 588 1341 660 mb
1351 604 1404 633 os

166 693 268 720 cum
286 678 460 722 nullum
493 695 670 723 carmen
697 680 754 724 ad
776 680 987 724 Lesbiam
1009 681 1229 741 scriptum
1253 680 1375 726 extet
1404 677 1534 739 quod
1553 680 1675 740 puris

166 758 342 795 constet
372 753 544 797 iambis.
604 754 694 797 Hic
723 755 852 798 illud
876 757 1063 800 verbum
1101 753 1300 824 iambos'
1343 771 1435 800 non
1470 763 1674 800 accurate

166 840 189 868 e
231 832 380 869 mente
425 827 716 871 metricoium
752 836 1014 889 usurpatum
1054 845 1153 874 esse
1196 822 1286 873 iam
1317 830 1580 876 Schwabius
1610 830 1673 873 vi-

165 899 231 942 dit
271 900 449 958 (p.122.
483 902 598 959 123),
633 902 709 959 qui
746 903 828 947 hos
875 901 1000 948 locos
1045 903 1212 947 Catulli
1254 903 1300 946 in
1344 903 1560 980 auxilium
1600 919 1675 946 vo-

166 973 280 1016 cavit
308 973 436 1027 LIV,
469 975 510 1018 6.
553 975 758 1020 Irascere
792 977 955 1020 iterum
986 977 1100 1021 meis
1129 976 1287 1053 iambis
1324 1013 1326 1016 .

278 1065 376 1122 XL,
411 1068 449 1109 1.
478 1066 519 1109 2.
554 1067 784 1122 Quaenam
806 1074 851 1111 te
873 1069 989 1112 mala
1009 1084 1132 1112 meus
1152 1051 1326 1114 miselle
1342 1069 1514 1128 Ravide
1554 1097 1558 1101 -
1602 1052 1605 1053 ⁷

550 1140 665 1198 Agit
695 1142 985 1201 praecipitem
1020 1143 1067 1186 in
1097 1158 1218 1187 meos
1253 1143 1424 1188 iambos
1459 1179 1462 1181 Α
1526 1180 1529 1181 ⁷
1557 1161 1562 1164 ·

194 1212 529 1269 frg.1Catulli:
618 1214 685 1258 At
713 1230 805 1258 non
844 1216 1034 1274 effugies
1065 1231 1192 1260 mens
1222 1216 1405 1261 iambos.

279 1321 365 1365 His
395 1322 538 1365 tribus
564 1322 703 1379 igitur
736 1323 847 1366 locis
879 1324 1149 1381 significavit
1179 1331 1313 1382 poeta
1352 1338 1465 1367 voce
1509 1323 1683 1367 ‘iambis

167 1394 363 1437 earmina
386 1382 615 1454 phalaecia
637 1410 777 1455 eaque
798 1397 1132 1441 contumeliosa.
1178 1397 1383 1441 Eandem
1406 1398 1501 1441 fere
1533 1383 1675 1441 liceri-

167 1468 274 1511 tiam
315 1468 388 1512 hic
430 1470 583 1513 statuit
626 1456 916 1524 Schwabius,
965 1471 1191 1515 intellexit
1239 1471 1356 1514 enim
1402 1471 1673 1515 locutionem

173 1548 365 1589 a‘truees
396 1544 579 1588 iambos'
617 1545 672 1588 de
705 1546 972 1606 carminibus
994 1545 1231 1591 XXXVII
1259 1544 1377 1590 VIII
1409 1561 1521 1603 quae
1545 1545 1674 1589 ‘oholi

175 1620 289 1663 mbis
330 1625 534 1662 constent
570 1625 614 1662 et
651 1619 706 1662 de
745 1636 880 1663 carm.
924 1619 1058 1663 XLII
1102 1618 1352 1677 phalaeci03
1396 1624 1530 1682 atque·
1572 1619 1689 1662 hac?

167 1693 375 1752 inprimis
414 1709 548 1736 causa
590 1693 773 1737 videtur
813 1708 910 1737 esse
950 1698 1197 1737 commotus
1239 1699 1290 1737 ut
1332 1693 1441 1737 haec
1480 1693 1692 1757 carmina,

166 1775 270 1811 ante
303 1783 483 1813 carmen
513 1767 723 1812 XXXVI
754 1775 797 1812 et
829 1769 965 1827 paulo
996 1768 1178 1827 quidem
1200 1773 1301 1811 ante
1320 1780 1452 1811 carm.
1469 1765 1685 1811 XXXVI

163 1842 331 1903 scripta·
364 1857 463 1885 esse
491 1842 712 1886 iudicaret
746 1843 822 1897 (cf.
855 1858 898 1901 p.
916 1843 1037 1899 359).
1084 1842 1178 1889 Sed
1206 1842 1280 1885 hic
1312 1847 1378 1885 sat
1407 1855 1568 1898 graves
1600 1841 1691 1895 ob-4

164 1921 280 1958 stant
314 1915 626 1959 difficultatest
659 1916 802 1974 primo
839 1915 1135 1960 demonstrari
1166 1915 1350 1959 minime
1392 1921 1539 1974 potest
1582 1920 1687 1959 car-²

162 2005 267 2034 men
296 1989 435 2035 XLII
466 1990 680 2050 scriptum
715 2006 811 2035 esse
842 1991 889 2034 in
918 1989 1143 2045 Lesbiam,
1173 1995 1327 2032 contra
1354 1994 1404 2031 ut
1433 1984 1567 2047 supra
1600 1981 1674 2030 de-

163 2065 519 2108 monstrabamus
555 2067 616 2123 (p.
637 2064 708 2121 12)
731 2063 871 2107 multo
901 2069 969 2107 est
998 2061 1275 2124 probabilius
1297 2066 1474 2119 poetam
1500 2060 1547 2105 in
1571 2074 1674 2104 ean*

164 2139 265 2183 dem
297 2139 371 2183 hic
399 2138 551 2182 invehi
580 2138 778 2198 puellam
808 2153 941 2195 quam
973 2137 1239 2181 carminibus
1269 2135 1379 2181 XLI
1407 2135 1568 2181 XLIII
1596 2135 1673 2179 de-

164 2212 348 2269 riserat3
405 2211 570 2256 deinde
622 2211 927 2256 dulcissimum
983 2226 1165 2255 carmen
1213 2210 1337 2255 VIII
1369 2203 1520 2253 >multo
1572 2214 1685 2254 ante·

164 2302 347 2330 carmen
378 2286 609 2330 XXXVII
638 2287 817 2330 videtur
848 2301 945 2329 esse
978 2285 1193 2345 scriptum
1229 2279 1306 2329 tali
1349 2291 1553 2343 tempore
1586 2287 1689 2349 quo·

164 2361 363 2405 nondum
412 2361 577 2404 aemuli
626 2375 825 2404 amorem
857 2360 1050 2404 Lesbiae
1086 2360 1376 2404 turbaverant
1408 2357 1483 2422 (p.
1505 2357 1686 2414 9.⁷10);·

170 2437 366 2495 denique
396 2450 577 2479 carmen
607 2435 919 2495 XXXVII-ut
948 2450 1083 2494 supra
1102 2434 1297 2477 vidimus
1323 2433 1527 2492 proxime
1553 2432 1673 2475 vide·

162 2519 236 2556 tur
266 2510 560 2555 antecessisse
602 2510 786 2554 carmini
820 2510 903 2566 XI,
935 2516 1037 2568 post
1077 2524 1258 2553 carmen
1291 2507 1523 2553 XXXVII
1563 2520 1687 2550 vero*

163 2602 199 2629 c.
229 2585 439 2630 XXXVI
472 2586 683 2645 scriptum
726 2599 824 2629 esse
865 2599 954 2629 non
990 2584 1126 2628 modo
1165 2598 1258 2645 ‘non
1301 2588 1452 2642 potest
1491 2577 1686 2642 demon-s

163 2658 296 2703 strari
328 2658 408 2702 sed
443 2672 499 2702 ne
532 2672 614 2717 per
646 2672 694 2702 se
724 2657 905 2715 quidem
940 2672 991 2701 re
1022 2662 1220 2715 spectata
1254 2661 1321 2700 est
1349 2652 1594 2699 verisimile
1635 2652 1680 2697 si'

164 2740 366 2777 tenorem
398 2732 631 2790 utriusque
663 2732 869 2776 carminis
905 2731 1186 2790 respicimus,
1682 2731 1686 2734 ’
