1848 2944
229 730 421 776 Veniam
448 746 519 775 me
548 737 704 790 petere
734 738 912 792 oportet
938 732 1013 790 qui
1043 748 1176 777 ausus
1207 733 1292 776 sim
1312 732 1449 777 talem
1482 732 1617 776 susci-

114 810 225 864 pere
257 805 572 862 quaestionem
592 820 704 863 quae
736 805 943 849 altiorem
971 805 1193 863 quandam
1223 821 1372 850 rerum
1404 806 1619 850 humana-

116 878 446 923 rum‘notitiam
479 878 629 936 itaque
662 878 874 923 maiorem
911 893 1088 938 quoque
1129 895 1348 942 annorum
1379 894 1617 923 numerum

114 953 319 996 videa-tur
356 954 596 1011 postulare,
642 959 688 996 et
729 953 843 997 illud
882 952 1099 997 iudicium
1130 954 1186 997 de
1213 954 1307 998 vita
1336 954 1505 1000 Catulli
1535 953 1616 996 im·

114 1030 315 1087 pugnare
345 1027 402 1070 do
431 1042 518 1084 quo
548 1027 636 1071 iam
667 1028 784 1071 inter
815 1042 968 1071 omnes
997 1028 1119 1072 viros
1149 1028 1306 1073 doctos
1339 1028 1414 1085 qui
1447 1028 1503 1071 de
1532 1027 1616 1071 hac

111 1113 164 1142 re
197 1098 505 1143 disseruerunt
524 1098 796 1156 convenerit,
814 1114 900 1158 quo
930 1099 978 1143 in
1004 1113 1191 1143 numero
1223 1099 1355 1145 etiam
1385 1098 1499 1143 tales
1527 1098 1617 1143 sint

114 1188 303 1232 quorum
333 1173 571 1218 auctoritas
600 1173 748 1218 valeat
782 1173 1037 1232 plurimum.
1108 1173 1202 1221 Sed
1243 1173 1612 1218 animadvertisse

114 1245 225 1289 mihi
254 1246 420 1290 videor
438 1246 668 1304 hucusque
702 1247 798 1290 fere
826 1247 1078 1305 neglectam
1114 1262 1210 1291 esse
1239 1246 1362 1290 illam
1391 1247 1611 1291 rationem

111 1319 303 1379 quaein
334 1320 496 1364 ceteris
528 1319 821 1379 scriptoribus
839 1337 843 1340 ’
863 1319 1122 1364 enarrandis
1163 1337 1317 1365 norma
1358 1320 1610 1380 philologo·

110 1408 211 1438 rum
243 1394 399 1437 soleat*
420 1408 517 1438 esse
555 1400 607 1436 ut
644 1394 769 1453 prius
803 1395 941 1438 verba
969 1393 1066 1454 ipsa
1096 1395 1329 1453 scriptoris
1361 1395 1611 1455 ponderen-

89 1474 182 1513 tur
225 1473 358 1528 quam
400 1467 741 1527 diligentissime
786 1483 917 1525 quam
953 1468 1028 1512 alii
1069 1470 1215 1513 fontes
1245 1470 1461 1514 adeantur
1480 1470 1609 1514 'unde

108 1542 410 1602 comparando
438 1541 788 1601 colligendoque
829 1542 1003 1600 sperari
1039 1544 1181 1602 possit
1224 1544 1395 1602 aliquid
1435 1546 1609 1596 fructus

108 1630 205 1661 esse
234 1616 601 1671 redundaturum.
660 1616 760 1660 Hoc
793 1616 949 1675 igitur·
957 1632 1041 1676 pro
1070 1617 1190 1661 virili
1221 1625 1347 1677 parte
1376 1625 1608 1677 praestare

107 1689 258 1735 studui
299 1697 344 1734 et
361 1697 364 1699 '
382 1690 444 1735 ita
486 1706 645 1735 novam
675 1690 735 1735 'de
764 1690 927 1734 ordine
955 1691 1203 1736 ‘carminum
1237 1691 1401 1737 Catulli
1431 1699 1606 1737 senten-

106 1762 214 1807 tiam
240 1763 431 1823 probare
473 1769 657 1807 conatus
699 1779 796 1807 sum
818 1764 875 1807 'in
904 1763 1216 1809 dissertatione
1244 1779 1345 1809 mea
1377 1781 1509 1825 quam
1537 1766 1606 1810 his

105 1836 262 1882 diebus
277 1836 547 1897 amplissimo
562 1836 931 1897 philosophorum
942 1837 1246 1883 Bonnensium
1263 1839 1410 1884 ordini
1426 1838 1605 1884 tradidi.

132 1915 138 1922 “
177 1919 179 1921 ’
221 1911 443 1968 Quoniam
473 1926 581 1959 vero
613 1911 721 1955 mihi
755 1911 911 1956 deerat
930 1913 1123 1957 'facultas
1153 1913 1287 1958 totius
1314 1913 1445 1958 huius
1476 1929 1605 1973 opus·

104 1986 195 2031 culi
224 1986 528 2047 imprimendi,
557 1986 722 2047 placuit
749 1986 948 2047 priorem
978 1993 1150 2032 tantum
1173 1995 1347 2049 partem
1378 1989 1604 2033 excuden-

103 2062 206 2106 dum
238 2069 397 2107 curare
426 2078 525 2106 cum
559 2062 824 2121 praesertim
857 2062 969 2107 haec
1006 2053 1109 2122 pars
1144 2064 1207 2108 ea'
1235 2064 1459 2108 contineat
1488 2079 1604 2121 quae

102 2135 215 2181 mihi
246 2136 452 2196 graviora
479 2136 717 2180 videantur
746 2151 857 2181 esse·

764 2436 766 2440 ¹
824 2361 869 2427 I.

132 2507 138 2512 ’
214 2495 366 2543 Scatet
384 2495 499 2546 liber
515 2495 684 2548 Catulli
702 2495 864 2540 talibus
895 2495 1003 2539 locis
1036 2494 1111 2555 qui
1138 2494 1193 2539 ad
1222 2495 1348 2538 varia
1375 2502 1601 2541 momenta

97 2569 215 2616 vitae
242 2570 487 2631 respiciunt
517 2576 692 2630 poetae,
718 2585 862 2630 usque
894 2586 949 2615 eo
976 2576 1027 2615 ut
1053 2584 1146 2615 non
1178 2569 1240 2622 ita
1259 2569 1394 2614 valde
1424 2570 1599 2616 deside-

96 2650 254 2695 rentur
281 2645 360 2690 alii
393 2645 448 2689 de
479 2645 562 2690 hac
593 2660 643 2690 re
671 2646 831 2702 fontes,
858 2644 1100 2690 dummodo
1131 2643 1373 2702 contigerit
1400 2658 1501 2689 eum
1534 2645 1601 2690 in-

1302 2724 1323 2764 l
