1848 2944
927 71 956 117 2

187 197 356 256 dagare
387 197 593 242 ordinem
623 209 710 256 quo
744 198 857 243 haec
888 199 1069 256 singula
1098 205 1323 243 momenta
1360 213 1459 244 sese
1500 215 1692 261 excepe-

183 272 287 317 rint.
347 272 478 317 Hanc
511 273 817 332 quaestionem
856 279 1008 319 nostra
1049 273 1229 319 demum
1261 280 1405 319 aetate
1438 276 1694 338 complures

183 347 268 390 viri
299 347 420 391 docti
451 355 770 407 susceperunt:
801 348 853 394 C.
884 348 943 394 Gr.
976 349 1217 407 Helbigius
1252 349 1377 405 (‘Zur
1410 349 1693 397 Charakteri-

184 421 273 466 stik
320 421 399 466 des
442 421 662 479 Catullus,
703 422 916 466 deutsche
956 421 1145 467 Jahrbb.
1184 423 1215 467 f.
1245 423 1386 469 Wiss.
1415 441 1459 469 u.
1489 425 1548 470 K.
1583 425 1694 470 1842

184 511 228 554 p.
247 495 358 540 1218
387 496 515 553 not.)‚
558 496 624 540 Io.
657 511 698 540 V.
732 495 790 541 G.
821 496 1135 541 Froehlichius
1154 503 1156 505 ’
1178 497 1368 553 (Ueber
1407 499 1481 543 die
1511 501 1692 545 Anord-

184 584 312 627 nung
341 569 424 613 der
446 568 672 615 Gedichte
704 569 784 614 des
802 570 861 626 Q.
879 569 1088 615 Valerius
1107 570 1338 629 Catullus'‚
1367 572 1490 617 Abh.
1508 573 1550 617 d.
1573 574 1693 619 Bair.

182 645 275 689 Ak.
308 643 415 689 CLI
447 644 702 702 Bd..111,111.
735 644 845 689 1843
866 661 910 704 p.
926 645 1189 703 689—716).
1224 645 1298 690 W.
1326 646 1410 692 Th.
1428 646 1689 705 Iungclaus-

184 732 317 761 senus
351 717 479 775 (‘Zur
510 716 818 776 Ghronologie
854 716 935 761 der
964 717 1189 762 Gedichte
1219 718 1298 763 des
1316 719 1372 775 Q.
1388 719 1597 765 Valerius
1611 721 1693 767 Ca-

184 791 336 838 tullus'
370 780 554 839 Itzehoe
589 792 733 848 1857),
768 791 821 838 L.
855 791 1122 839 Schwabius
1166 790 1510 851 (quaestionum
1543 795 1694 842 Catul-

189 866 408 913 lianarum
446 867 562 913 liber
600 866 653 924 I’,
689 866 850 914 G-issse
890 865 1282 925 MDCCGLXII),
1325 867 1381 913 Ο.
1417 869 1693 920 Ribbeckius

185 941 275 999 (‘O.
304 941 516 988 Valerius
549 941 783 998 Canauna,
814 940 923 987 Kiel
956 940 1103 998 1863).
1139 966 1197 976 —-
1228 941 1268 987 Ε
1297 942 1458 1001 quibus
1484 944 1691 989 Froehli-

185 1016 311 1061 obius
344 1008 579 1075 postquam
612 1015 794 1076 copiose
822 1015 1133 1062 demonstrare
1165 1016 1334 1062 studuit
1364 1018 1567 1067 ordinem
1597 1022 1691 1064 ear·-
1784 1011 1787 1015 ’

186 1090 357 1136 minum
389 1089 556 1135 Catulli
592 1089 706 1136 sieut
739 1089 1018 1135 inveniretur
1045 1091 1093 1135 in
1122 1090 1351 1136 codicibus
1378 1092 1693 1142 nostrisomni
1720 1101 1722 1103 ’

184 1178 370 1224 prorsus
401 1177 556 1209 carere
581 1163 757 1209 radone
785 1177 935 1223 neque
964 1163 1171 1222 usurpari
1200 1179 1332 1223 posse
1359 1165 1408 1210 in
1424 1165 1694 1226 explicanda

183 1238 278 1282 vita
308 1244 484 1298 poetae,
512 1238 560 1283 in
591 1238 686 1283 fine.
713 1237 1097 1283 commentationis
1137 1252 1190 1282 ea
1228 1239 1437 1296 camnine,
1479 1255 1593 1300 quae
1635 1241 1692 1286 ad

185 1312 380 1357 Lesbiae
418 1327 618 1357 amorem
659 1317 876 1371 spectant,
916 1312 1182 1371 composuit·
1207 1327 1259 1357 eo
1290 1313 1448 1358 ordine
1478 1329 1565 1372 quo
1600 1314 1694 1360 sin-

184 1387 293 1444 gula
333 1387 549 1446 deinceps
594 1386 790 1430 carmina
828 1387 992 1445 scripta
1033 1401 1131 1431 esse
1173 1404 1200 1431 a
1234 1393 1367 1446 poeta
1407 1388 1579 1432 censuit
1614 1404 1690 1433 rc·-

186 1466 341 1519 spectu
372 1459 545 1519 proprii
574 1459 751 1512 habitus
795 1460 929 1505 unius
967 1459 1180 1518 cuiusque
1224 1460 1446 1505 carminis.
1522 1462 1691 1507 Divisit

184 1540 329 1578 autem
377 1535 491 1578 haec
534 1534 731 1578 earmina
776 1534 824 1577 in
867 1539 959 1577 tres
1003 1533 1184 1589 classes,
1226 1548 1413 1591 quarum
1449 1535 1593 1593 prima
1637 1551 1713 1581 ω.

184 1608 443 1653 contineret
480 1608 679 1654 carmina
720 1622 835 1665 quae
874 1606 1020 1667 primo
1053 1613 1257 1667 tempore
1300 1607 1463 1652 amoris
1486 1608 1693 1667 Lesbiae,

183 1685 329 1728 altera
361 1698 415 1735 es.
445 1697 560 1741 quae
589 1682 676 1726 hoe
710 1695 863 1732 amore
891 1682 1086 1739 turbato,
1117 1682 1252 1726 tertia
1278 1696 1333 1726 ea
1356 1697 1470 1741 quae
1499 1691 1602 1744 post
1623 1699 1707 1729 re*

184 1759 554 1804 conciliationem
597 1757 851 1816 scripsisset
879 1764 1038 1817 poeta:
1085 1757 1163 1800 vix
1202 1763 1325 1801 recte
1369 1758 1543 1817 opinor,
1588 1770 1691 1803 mm

183 1833 370 1878 minime
417 1839 485 1878 est
525 1832 623 1877 veri
655 1832 801 1876 simile
838 1832 1171 1890 redintegrasse
1199 1838 1378 1891 poetam
1408 1832 1692 1881 consuetudi·-

186 1922 290 1951 nem
321 1923 424 1952 oum
439 1906 619 1964 Lesbia,
636 1912 874 1967 postquam
896 1922 934 1950 o.
946 1905 1018 1950 XI
1043 1913 1135 1950 tam
1164 1906 1378 1951 atrociter
1400 1906 1466 1955 illi
1493 1914 1691 1952 amorem

183 1981 519 2034 renuntiaverat
535 1986 581 2024 et
599 1996 637 2024 c.
648 1980 814 2025 LVIII
830 1979 928 2024 eius
941 1980 1079 2023 vilem
1110 1979 1437 2039 perstrinxerat
1454 1980 1690 2040 impudici·

184 2056 308 2100 tiam.
366 2054 502 2111 Quod
529 2069 640 2098 vero
667 2053 727 2097 ad
756 2053 938 2112 singula
956 2053 1129 2110 attinet,
1157 2053 1206 2097 in
1231 2053 1301 2104 his
1322 2068 1485 2098 vereor
1512 2056 1571 2098 ne'
1597 2066 1693 2099 sse*

185 2131 367 2192 pissime
409 2128 727 2176 Froehlichius
773 2127 938 2179 nimiae
986 2127 1048 2173 sit
1087 2127 1424 2175 insimulandus
1457 2128 1694 2187 licentias?

186 2205 360 2250 accedit
393 2205 512 2263 quod
543 2204 686 2248 omnis
716 2218 899 2264 prorsus
933 2203 1215 2248 desideratur
1248 2204 1610 2262 argumentatio..
1633 2204 1692 2244 ἒ-νκ

184 2281 336 2325 Aliam
379 2280 498 2323 viam
542 2279 736 2338 ingressi
780 2285 884 2323 sunt
922 2279 1231 2337 quattuorilli
1266 2278 1364 2340 viri
1398 2278 1532 2336 docti,
1581 2294 1689 2338 quos

185 2355 318 2398 modo
349 2359 531 2413 praeter
559 2352 900 2398 Froehlichium
926 2353 1166 2396 nominavi.
1228 2354 1430 2409 Quorum
1447 2352 1690 2411 Helbigius

186 2443 453 2486 quamquam
487 2427 634 2471 obiter
655 2432 826 2471 tantum
859 2433 904 2470 et
933 2426 981 2478 in
1011 2426 1198 2471 transitu
1228 2427 1342 2471 hanc
1375 2426 1524 2485 tetigit
1556 2441 1690 2486 quae-

184 2503 389 2558 stionem,
436 2499 777 2545 fundamentum
825 2506 974 2544 tamen
1023 2501 1131 2544 iecit
1175 2502 1597 2545 commentationum
1646 2506 1692 2544 et

182 2575 527 2634 Iungelausseni
557 2580 602 2618 ct
615 2573 839 2621 Schwabii
871 2580 916 2617 et
936 2564 1183 2619 Ribbeckii.
1243 2565 1422 2619 Primus
1449 2571 1690 2617 enim‘Hel-

183 2652 335 2711 bigius
378 2650 621 2711 astipulans
653 2649 722 2694 eis
748 2649 855 2694 viris
893 2649 1038 2696 doctis
1082 2650 1158 2710 qui
1200 2657 1330 2696 antea
1367 2640 1691 2694 contenderant
1759 2666 1762 2669 ·

181 2716 391 2772 Lesbiam
435 2726 602 2779 Catulli
643 2740 743 2771 esse
774 2724 979 2770 Clodiam
1017 2725 1141 2770 illam
1164 2725 1536 2784 quadrantariam
1568 2723 1692 2770 soro-
