1848 2944
883 85 941 130 25
993 133 995 136 .

163 214 319 259 eadem
338 228 445 258 vero
476 213 580 257 trias
608 212 867 273 Pompeius,
895 212 1080 270 Caesar,
1099 211 1325 256 Mamurra
1342 207 1663 270 perstringitur

164 287 298 332 etiam
328 286 522 331 carmine
553 284 726 330 XXIX.

887 399 940 443 Β.

274 505 487 555 Secundo
528 507 629 551 loco
668 506 976 551 contendimus
1013 506 1129 550 intra
1163 511 1307 550 certos
1349 503 1563 549 terminos
1594 517 1661 546 or-

163 581 316 649 dinem
351 581 598 625 carminum
627 581 772 626 videri
811 580 1141 625 accomodatum
1185 595 1283 624 csse
1326 579 1383 623 ad
1425 578 1662 622 decursum

163 642 393 714 temporis.
453 655 528 699 Ad
559 670 688 713 quam
722 655 1029 714 quaestionem
1059 655 1146 697 iam
1177 651 1572 710 transgrediamur.

279 730 318 773 1.
366 727 425 773 Ut
462 746 488 773 a
527 729 789 773 certioribus
830 729 1054 773 ordiamur
1097 728 1239 788 primo
1284 740 1449 787 quaeso
1489 730 1662 769 mecum

161 804 407 864 perlustres
440 804 631 848 carmina
648 803 857 848 LXIX—
868 802 1033 847 CXVI.
1074 801 1358 846 Praecedunt
1386 800 1459 844 hic
1490 814 1541 843 ea
1570 815 1662 843 car-

163 879 282 923 mina
315 893 427 937 quae
453 878 630 922 turbato
660 892 811 922 amore
838 877 1027 922 Lesbiae
1061 876 1240 935 scripsit
1284 880 1417 935 poeta
1449 872 1664 918 LXIX—

163 954 289 1011 CVI,
318 960 529 999 secuntur
557 961 659 1013 apte
690 953 887 998 carmina
919 952 1051 997 CVII
1081 951 1190 996 CIX
1220 949 1377 1009 quibus
1405 947 1663 993 reconcilia—

162 1028 331 1072 tionem
362 1044 464 1073 oum
498 1028 661 1072 Lesbia
690 1028 885 1071 celebrat
916 1033 1047 1086 poeta
1076 1026 1143 1083 (in
1168 1023 1538 1069 antecedentibus
1569 1037 1661 1065 car-

162 1101 354 1146 minibus
384 1102 555 1146 nullum
586 1101 814 1145 invenitur
844 1100 962 1159 quod
994 1100 1072 1143 tali
1104 1106 1307 1158 tempore
1336 1097 1553 1157 scriptum
1593 1095 1663 1152 sit,

165 1188 253 1231 quo
281 1174 368 1218 iam
396 1176 443 1219 in
472 1181 739 1234 perpetuum
762 1174 964 1219 Catullus
993 1175 1183 1219 Lesbiae
1212 1170 1412 1217 'amorem
1442 1173 1663 1216 renuntia-

165 1248 313 1304 verit).
358 1249 413 1293 In
442 1249 592 1309 priore
613 1249 728 1294 serie
744 1249 988 1294 carminum
1008 1247 1369 1306 (LXIX—CVI)
1395 1246 1664 1292 antecedunt

168 1337 221 1366 ea
256 1323 448 1366 carmina
479 1338 591 1380 quae
620 1323 667 1366 in
687 1322 886 1367 Caelium
917 1323 1093 1381 scripsit
1110 1328 1243 1381 poeta
1264 1337 1404 1380 eaque
1426 1335 1538 1380 quae
1561 1336 1659 1365 cum

167 1396 237 1440 his
268 1396 486 1440 artissime
520 1397 762 1441 cohaerere
794 1397 1001 1453 vidimus,
1042 1403 1254 1440 secuntur
1284 1395 1480 1440 carmina
1510 1395 1558 1439 in
1591 1409 1662 1438 ce-

164 1475 283 1513 teros
313 1470 536 1514 aemulos:
566 1469 768 1515 Caelium
796 1485 903 1514 vero
930 1471 1124 1529 primum
1155 1470 1379 1513 aemulum
1409 1468 1548 1513 fuisse
1577 1467 1661 1513 Ca-

163 1544 263 1588 tulli
292 1544 339 1587 in
369 1559 519 1588 amore
547 1544 738 1589 Lesbiae
764 1561 898 1605 supra
929 1551 997 1589 sat
1023 1544 1315 1604 probabiliter
1344 1543 1548 1587 videmur
1582 1543 1663 1586 de-

166 1624 450 1663 monstrasse.
494 1619 569 1673 (cf.
598 1620 640 1663 5.
670 1634 714 1678 p.
733 1619 800 1663 17.
833 1619 917 1674 18).
960 1618 1024 1665 Ut
1053 1619 1139 1663 iam
1168 1619 1223 1662 ad
1258 1619 1436 1677 singula
1468 1617 1662 1662 carmina

164 1692 483 1738 descendamus
501 1699 624 1747 recte
651 1708 748 1737 sese
766 1694 995 1753 excipiunt
1014 1693 1209 1738 carmina
1221 1692 1661 1748 LXIX—LXXIII,

161 1765 401 1823 LXXVII3
446 1782 548 1810 nam
581 1767 713 1826 paulo
754 1774 876 1826 post
918 1783 956 1812 c.
984 1767 1116 1811 LXX
1162 1783 1198 1812 c.
1231 1765 1413 1811 LXXII
1445 1765 1662 1825 scriptum

162 1854 258 1884 esse
281 1855 415 1899 supra
447 1840 753 1885 demonstrare
785 1841 933 1885 conati
956 1857 1106 1885 sumus
1135 1840 1199 1901 (p.
1221 1842 1307 1898 16),
1334 1839 1527 1884 carmina
1553 1853 1661 1883 vero

159 1913 207 1958 in
234 1912 436 1959 Caelium
468 1914 630 1975 scripta
661 1913 845 1971 (LXIX,
876 1914 1048 1971 LXXI,
1066 1914 1287 1970 LXXIII,
1309 1913 1552 1968 LXXVII)
1583 1913 1662 1957 tali

161 1987 333 2032 ratione
366 1989 568 2033 ordinata
599 2004 695 2033 esse
734 1989 898 2044 elucet,
935 1996 983 2032 ut
1020 1989 1243 2049 prioribus
1272 1988 1541 2033 carminibus
1570 1995 1661 2032 tec-

161 2061 248 2106 tius
279 2063 606 2126 perstringatur
627 2063 770 2108 Caelii
788 2063 984 2123 ‘perfidia
1003 2063 1200 2107 carmine
1218 2062 1450 2108 LXXVII
1479 2062 1661 2107 demum

160 2136 368 2194 apertius.
445 2137 641 2183 Carmen
686 2137 842 2182 LXIX
882 2153 990 2182 vero
1034 2144 1137 2182 ante
1181 2144 1330 2181 cetera
1371 2138 1417 2181 in
1455 2137 1661 2184 Caelium

164 2210 358 2254 carmina
387 2212 602 2269 scriptum
635 2226 733 2255 esse
773 2218 971 2272 apparet,
1011 2212 1211 2255 nondum
1252 2212 1371 2256 enim
1413 2212 1662 2271 contigerat

162 2298 215 2327 eo
248 2291 450 2345 tempore
481 2284 636 2330 Caelio
664 2286 817 2330 venire
849 2286 894 2330 in
923 2286 1122 2330 favorem
1147 2285 1338 2330 Lesbiae
1372 2287 1425 2331 cf.
1442 2302 1484 2330 v.
1508 2287 1563 2330 10
1587 2286 1660 2330 vel

162 2372 214 2402 eo
237 2364 439 2419 tempore
479 2359 676 2403 nondum
720 2366 1017 2420 perspexerat
1054 2367 1177 2404 certe
1211 2360 1418 2405 Catullus
1449 2360 1661 2405 Lesbiam

163 2430 366 2477 Caelium
396 2433 479 2478 sibi
510 2439 781 2493 anteponere
814 2437 966 2493 (supra
999 2434 1084 2477 hoc
1119 2449 1297 2478 carmen
1327 2434 1484 2478 LXIX
1516 2434 1659 2494 expli·

161 2506 257 2550 cavi
289 2508 346 2552 cf.
378 2504 426 2568 p.¹
454 2508 540 2565 19).
576 2534 628 2541 —-
661 2508 815 2554 Unum
846 2514 985 2553 resta-t
1014 2524 1192 2553 carmen
1235 2509 1283 2552 in
1315 2519 1367 2553 ea
1396 2514 1522 2568 parte
1566 2524 1658 2553 car-

161 2580 327 2627 minum
360 2583 415 2627 de
451 2600 537 2643 qua
567 2598 704 2642 agere
729 2584 1016 2642 instituimus,
1049 2584 1167 2642 quod
1206 2584 1253 2628 in
1280 2584 1487 2631 Caelium
1522 2585 1660 2644 scrip-

160 2658 253 2699 tum
282 2663 369 2702 est:
398 2673 576 2702 carmen
602 2658 654 2703 C.
684 2658 912 2717 Longiore
939 2659 1077 2717 igitur
1104 2659 1343 2704 intervallo
1362 2660 1448 2704 hoc
1478 2675 1660 2704 carmen

161 2736 389 2787 separatur
416 2733 470 2777 ab
494 2732 557 2777 eis
591 2732 646 2777 de
664 2733 822 2790 quibus
840 2732 970 2777 modo
1003 2734 1307 2792 disseruimus,
1338 2740 1383 2778 et
1409 2740 1534 2779 recte
1565 2733 1659 2794 qui-
