1848 2944
782 482 829 540 v
855 482 954 552 ir
975 481 1039 537 A.

287 733 542 779 Guilelmus
557 733 841 777 Vorlaender
870 739 996 778 natus
1026 749 1123 777 sum
1148 733 1387 778 Mindenae
1418 746 1533 777 anno
1563 732 1607 777 h.
1636 749 1670 777 s.

172 806 283 852 XLI
311 807 383 851 die
410 807 546 851 XXX
576 822 715 852 mens.
745 808 857 851 Dec.
888 815 1014 867 patre
1045 807 1209 851 Iacobo
1252 812 1393 851 matre
1429 806 1609 851 Amalia
1647 821 1671 850 c

173 886 309 938 gente
341 881 652 925 Kulemannia.
714 881 844 926 Fidei
875 881 1077 925 addictus
1110 897 1208 926 sum
1239 881 1539 940 evangelicae.
1582 881 1672 925 De-

173 968 272 997 cem
297 970 435 998 annos
465 960 600 1002 natus,
626 955 917 1013 frequentare
954 954 1083 1012 coepi
1118 953 1406 1011 gymnasium
1436 953 1561 997 urbis
1597 969 1671 1013 pa-

172 1027 300 1082 triae3
332 1028 452 1071 unde
490 1042 652 1071 novem
689 1027 814 1072 annis
847 1034 949 1087 post
986 1043 1088 1071 cum
1117 1027 1387 1071 maturitatis
1417 1027 1671 1072 testimonio

174 1100 378 1144 dimissus
419 1115 525 1144 vore
564 1101 666 1144 anni
694 1101 806 1146 LXI
836 1100 1250 1160 Gryphiswaldiam
1280 1116 1351 1145 me
1385 1101 1551 1146 contuli
1592 1101 1669 1145 ubi

172 1189 255 1233 per
286 1180 355 1228 ter
385 1189 516 1219 senos
546 1190 720 1219 menses
765 1175 981 1220 docentes
1029 1175 1181 1219 audivi
1219 1176 1373 1220 hosce:
1408 1175 1672 1234 Georgium,

175 1248 415 1307 Hannium,
456 1249 517 1294 M.
550 1247 800 1306 Hertzium,
842 1249 1150 1306 Schaeferum,
1177 1248 1556 1307 Schoemannum,
1586 1248 1672 1294 Su-

174 1324 440 1377 semihlium.
514 1324 630 1367 Inde
673 1330 912 1366 auctumno
944 1324 1048 1367 anni
1080 1323 1215 1367 LXII
1245 1323 1450 1367 Bonnam
1485 1324 1672 1381 migravi

171 1396 323 1455 ibique
351 1412 431 1457 per
461 1396 688 1440 biennium
717 1397 891 1441 scholas
923 1396 1205 1454 frequentavi
1234 1397 1482 1453 Brundisii,
1515 1396 1672 1442 Gilde-

172 1471 382 1528 meisteri,
407 1470 462 1516 Ο.
477 1470 636 1527 Iahnii,
650 1470 1062 1525 Maurenb‘recheri,
1079 1470 1131 1514 F.
1146 1471 1392 1527 Bitschelii,
1408 1470 1457 1515 L.
1471 1471 1672 1517 Schmid-

172 1545 237 1601 tii,
260 1544 515 1590 Simrockii.
577 1544 750 1600 Quibus
776 1543 889 1597 viris¹
913 1543 1117 1588 omnibus
1146 1544 1361 1589 maximas
1392 1560 1477 1604 ago
1507 1545 1673 1603 gratias

173 1619 412 1678 praecipue
448 1618 655 1675 Hertzio,
687 1616 956 1674 Schmidtio,
1002 1616 1328 1673 Schoemanno‚
1371 1617 1669 1674 Susemihli03

173 1698 353 1751 praeter
381 1698 552 1736 ceteros
584 1706 692 1735 vero
724 1705 794 1734 me
824 1691 907 1734 sibi
939 1690 1240 1735 devinxerunt
1255 1691 1519 1736 Brundisius
1550 1692 1673 1736 cuius

174 1765 485 1810 benevolentia
526 1764 633 1808 mihi
674 1764 800 1808 licuit
830 1779 912 1823 per
942 1764 1028 1808 tria
1056 1764 1289 1808 semestris.
1322 1764 1545 1809 societatis
1580 1766 1673 1810 eius

175 1840 508 1900 philosophicae
538 1839 747 1899 participi
763 1855 765 1857 ·
783 1854 895 1895 esse,
927 1844 972 1883 et
985 1838 1166 1883 Iahnius
1183 1838 1543 1898 Ritscheliu‘sque
1568 1856 1674 1899 quo-

176 1930 275 1959 rum
302 1914 522 1958 beneficio
554 1914 663 1957 mihi
693 1913 885 1971 contigit
914 1920 964 1956 ut
994 1913 1230 1958 seminario
1246 1913 1520 1974 philologico
1541 1915 1673 1959 ascri·

172 1989 319 2046 berer,
363 1988 484 2033 unde
522 1987 715 2032 maximo
754 2003 854 2031 cum
894 2002 1003 2032 meo>
1036 1988 1192 2032 dolore
1236 1995 1337 2049 post
1374 2003 1456 2033 sex
1498 2004 1674 2034 menses

175 2062 306 2106 citius
337 2062 569 2106 discedere
599 2068 784 2118 coactus
814 2077 910 2106 sum
936 2061 1131 2106 instante
1162 2076 1215 2106 eo
1245 2068 1448 2122 tempore
1480 2078 1567 2122 quo
1598 2063 1673 2108 sti-

174 2137 341 2198 pendia
370 2152 441 2182 me
472 2139 622 2184 facere
651 2143 841 2197 oportet.
