1848 2944
884 62 942 107 34

273 333 426 378 Primo
460 334 671 393 colligam
700 350 752 380 ea
770 336 970 380 carmina
998 337 1169 397 primae
1186 339 1327 398 partis
1351 354 1463 400 quae
1484 340 1541 384 ad
1554 340 1663 386 Les-

155 409 275 453 biam
306 416 411 453 sunt
442 411 697 468 referenda,
732 411 851 470 quod
885 412 947 455 ita
969 412 1124 455 faciam
1148 419 1198 455 ut
1229 413 1361 457 simul
1389 429 1464 458 eos
1496 416 1662 460 exscri-

154 484 258 528 bam
287 484 411 529 locos
448 484 607 542 quibus
648 484 705 529 ad
737 485 989 530 definienda
1017 487 1266 531 carminum
1302 493 1505 547 tempora
1536 496 1663 535 uten-

154 559 262 602 dum
291 565 372 603 est.

214 632 427 679 Carm.II
539 634 701 679 Passer
730 634 919 679 deliciae
953 650 1079 680 meae
1108 636 1287 695 puellae

212 706 449 752 Carm.III
538 706 714 765 Lug-ete
748 723 772 752 ο
802 708 1010 757 Veneres
1039 709 1375 769 Cupidinesque
1421 735 1475 742 ——-

541 782 703 826 Passer
734 788 934 826 mortuus
969 790 1037 827 est
1070 798 1194 828 meae
1224 785 1402 843 puellae

214 855 363 900 Carm.
380 856 424 899 V
548 854 778 910 Vivamus,
811 871 910 900 mea
939 856 1097 914 chia,
1125 864 1258 915 atque
1290 872 1487 902 amemus

210 946 344 973 carm.
376 930 474 974 VII
541 930 743 985 Quaeris,
773 937 880 988 quot
913 931 1022 973 mihi
1053 931 1322 975 basiationes

540 1003 677 1059 Tuae,
707 1003 882 1061 Lesbia,
912 1004 1002 1048 sint
1032 1004 1138 1049 satis
1174 1020 1414 1065 superque.

211 1094 347 1121 carm.
379 1077 503 1122 VIII
542 1077 682 1121 Miser
716 1077 897 1121 Catulle
930 1078 1107 1123 desinas
1138 1079 1345 1138 ineptire,

540 1152 599 1196 Et
632 1153 749 1209 quod
780 1153 906 1198 vides
936 1153 1106 1212 perisse
1136 1153 1365 1213 perditum
1396 1153 1545 1197 ducas.

209 1241 344 1270 carm.
374 1227 444 1270 XI
478 1242 547 1270 vv.
573 1227 626 1271 15
643 1243 764 1285 sqq.:

540 1301 655 1347 Cum
687 1302 778 1347 suis
807 1301 930 1345 vivat
958 1302 1192 1360 valeatque
1223 1302 1434 1359 moechis,

540 1376 663 1432 Quos
700 1376 831 1420 simul
863 1377 1097 1436 complexa
1127 1382 1248 1420 tenet
1278 1383 1521 1434 trecentos,

536 1449 723 1494 Nullum
755 1466 904 1494 amans
932 1465 1053 1508 vere,
1070 1450 1151 1495 sed
1180 1450 1427 1495 identidem
1461 1450 1656 1494 omnium

539 1524 622 1567 Ilia
651 1538 891 1582 rumpens:

536 1598 635 1642 Nec
666 1614 814 1642 meum
845 1604 1083 1658 respectet,
1113 1604 1163 1642 ut
1190 1604 1308 1655 ante,
1338 1612 1533 1642 amorem
1562 1624 1621 1632 -—

207 1689 340 1717 carm.
358 1674 497 1730 XIII,
531 1674 596 1716 11.
632 1673 708 1716 12:

534 1746 653 1791 Nam
685 1752 966 1805 unguentum
1000 1745 1130 1800 dabo,
1166 1745 1286 1804 quod
1321 1760 1446 1789 meae
1479 1746 1657 1805 puellae

533 1821 776 1865 Donarunt
805 1820 1011 1864 Veneres
1047 1818 1396 1878 Cupidinesque.

205 1911 339 1940 carm.
371 1894 592 1951 XXXVI,
620 1896 661 1938 4.
692 1896 744 1939 5:

538 1969 677 2013 Vovit
711 1971 828 2025 (mea
857 1968 1039 2027 puella),
1058 1968 1095 2013 si
1126 1968 1211 2012 sibi
1235 1968 1466 2013 restitutus
1484 1982 1628 2013 essem

538 2044 858 2100 Desissemque
888 2049 1039 2087 truces
1070 2042 1249 2086 vibrare
1281 2043 1451 2087 iambos
1477 2066 1534 2075 --

206 2132 341 2161 carm.
372 2116 624 2172 XXXVII,
655 2117 845 2160 11—14:

540 2191 700 2235 Puella
726 2206 830 2235 nam
863 2190 939 2248 mi,
975 2205 1089 2249 quae
1118 2205 1218 2235 meo
1251 2191 1351 2234 sinu
1382 2190 1512 2248 fugit,

536 2266 701 2310 Amata
728 2272 903 2310 tantum
934 2272 1148 2325 quantum
1181 2266 1402 2311 amabitur
1432 2265 1569 2320 nulla,

536 2344 627 2388 Pro
662 2359 747 2403 qua
780 2343 889 2387 mihi
919 2349 1023 2387 sunt
1056 2359 1220 2403 magna
1250 2342 1372 2388 bella
1401 2347 1599 2402 pugnata

541 2418 759 2464 Consedit
791 2418 907 2463 istic.

205 2510 340 2539 carm.
373 2494 552 2551 XLIII,
584 2496 624 2539 6.
655 2495 694 2537 7.
724 2494 750 2536 8
783 2493 858 2551 (cf.
890 2493 1196 2550 carm.XLI):
1238 2483 1256 2500 ⁶

537 2568 636 2613 Ten
665 2567 898 2626 provincia
929 2572 1082 2611 narrat
1111 2581 1208 2611 esse
1234 2566 1436 2611 bellam?

535 2643 703 2688 Tecum
732 2642 895 2687 Lesbia
925 2648 1077 2687 nostra
1103 2639 1416 2702 comparatur?

536 2717 576 2762 Ο
607 2718 803 2762 saeclum
832 2717 1058 2777 insapiens
1086 2723 1130 2761 et
1158 2714 1422 2761 infacetum!
