<?xml version="1.0" encoding="UTF-8"?>
<!DOCTYPE html PUBLIC "-//W3C//DTD XHTML 1.0 Transitional//EN"
    "http://www.w3.org/TR/xhtml1/DTD/xhtml1-transitional.dtd">
<html xmlns="http://www.w3.org/1999/xhtml" xml:lang="en" lang="en">
 <head>
  <title>
</title>
<meta http-equiv="Content-Type" content="text/html;charset=utf-8" />
  <meta name='ocr-system' content='tesseract 3.04.00' />
  <meta name='ocr-capabilities' content='ocr_page ocr_carea ocr_par ocr_line ocrx_word'/>
</head>
<body>
  <div class='ocr_page' id='page_1' title='image "4737193_0016.png"; bbox 0 0 1848 2944; ppageno 0'>
   <div class='ocr_carea' id='block_1_1' title="bbox 910 69 938 116">
    <p class='ocr_par' dir='ltr' id='par_1_1' title="bbox 910 69 938 116">
     <span class='ocr_line' id='line_1_1' title="bbox 910 69 938 116; baseline 0 0"><span class='ocrx_word' id='word_1_1' title='bbox 910 69 938 116; x_wconf 78' lang='lat'>6</span> 
     </span>
    </p>
   </div>
   <div class='ocr_carea' id='block_1_2' title="bbox 175 195 1682 257">
    <p class='ocr_par' dir='ltr' id='par_1_2' title="bbox 175 195 1682 257">
     <span class='ocr_line' id='line_1_2' title="bbox 175 195 1682 257; baseline 0.001 -15"><span class='ocrx_word' id='word_1_2' title='bbox 175 196 379 243; x_wconf 77' lang='lat' dir='ltr'><strong>Catullus</strong></span> <span class='ocrx_word' id='word_1_3' title='bbox 409 212 446 247; x_wconf 76' lang='lat' dir='ltr'><strong>c.</strong></span> <span class='ocrx_word' id='word_1_4' title='bbox 462 196 621 246; x_wconf 84' lang='lat' dir='ltr'>LXIX</span> <span class='ocrx_word' id='word_1_5' title='bbox 652 203 775 247; x_wconf 83' lang='lat' dir='ltr'><strong>certo</strong></span> <span class='ocrx_word' id='word_1_6' title='bbox 806 196 988 257; x_wconf 83' lang='lat' dir='ltr'><strong>paulum</strong></span> <span class='ocrx_word' id='word_1_7' title='bbox 1019 195 1216 245; x_wconf 75' lang='lat' dir='ltr'><strong>excessit</strong></span> <span class='ocrx_word' id='word_1_8' title='bbox 1257 195 1439 243; x_wconf 84' lang='lat' dir='ltr'><strong>modum</strong></span> <span class='ocrx_word' id='word_1_9' title='bbox 1483 196 1682 243; x_wconf 71' lang='lat' dir='ltr'><strong>veritatis</strong></span> 
     </span>
    </p>
   </div>
   <div class='ocr_carea' id='block_1_3' title="bbox 99 269 1683 331">
    <p class='ocr_par' dir='ltr' id='par_1_3' title="bbox 99 269 1683 331">
     <span class='ocr_line' id='line_1_3' title="bbox 99 269 1683 331; baseline 0 -16"><span class='ocrx_word' id='word_1_10' title='bbox 99 317 101 319; x_wconf 62' lang='grc'><strong>,</strong></span> <span class='ocrx_word' id='word_1_11' title='bbox 176 271 256 329; x_wconf 78' lang='lat' dir='ltr'><strong>(cf,</strong></span> <span class='ocrx_word' id='word_1_12' title='bbox 289 287 327 319; x_wconf 81' lang='lat' dir='ltr'><strong>c,</strong></span> <span class='ocrx_word' id='word_1_13' title='bbox 344 270 572 321; x_wconf 85' lang='lat' dir='ltr'><strong>LXXVII</strong></span> <span class='ocrx_word' id='word_1_14' title='bbox 600 271 720 319; x_wconf 84' lang='lat' dir='ltr'><strong>unde</strong></span> <span class='ocrx_word' id='word_1_15' title='bbox 752 277 939 331; x_wconf 83' lang='lat' dir='ltr'><strong>apparet</strong></span> <span class='ocrx_word' id='word_1_16' title='bbox 963 270 1130 319; x_wconf 83' lang='lat' dir='ltr'><strong>Rufum</strong></span> <span class='ocrx_word' id='word_1_17' title='bbox 1149 270 1279 319; x_wconf 83' lang='lat' dir='ltr'><strong>illum</strong></span> <span class='ocrx_word' id='word_1_18' title='bbox 1301 285 1403 318; x_wconf 86' lang='lat' dir='ltr'><strong>cum</strong></span> <span class='ocrx_word' id='word_1_19' title='bbox 1418 269 1583 318; x_wconf 74' lang='lat' dir='ltr'><strong>Lesbia</strong></span> <span class='ocrx_word' id='word_1_20' title='bbox 1612 284 1683 316; x_wconf 71' lang='lat' dir='ltr'><strong>ra-</strong></span> 
     </span>
    </p>
   </div>
   <div class='ocr_carea' id='block_1_4' title="bbox 174 342 1696 2110">
    <p class='ocr_par' dir='ltr' id='par_1_4' title="bbox 174 342 1687 614">
     <span class='ocr_line' id='line_1_4' title="bbox 174 342 1685 404; baseline -0.002 -13"><span class='ocrx_word' id='word_1_21' title='bbox 174 344 343 393; x_wconf 81' lang='lat' dir='ltr'><strong>tionem</strong></span> <span class='ocrx_word' id='word_1_22' title='bbox 374 345 621 403; x_wconf 75' lang='lat' dir='ltr'><strong>habuisse),</strong></span> <span class='ocrx_word' id='word_1_23' title='bbox 662 345 821 392; x_wconf 87' lang='lat' dir='ltr'><strong>miram</strong></span> <span class='ocrx_word' id='word_1_24' title='bbox 853 359 960 394; x_wconf 75' lang='lat' dir='ltr'><strong>sane</strong></span> <span class='ocrx_word' id='word_1_25' title='bbox 994 343 1391 404; x_wconf 76' lang='lat' dir='ltr'><strong>exaggerationem</strong></span> <span class='ocrx_word' id='word_1_26' title='bbox 1420 342 1685 392; x_wconf 78' lang='lat' dir='ltr'><strong>Schwablua</strong></span> 
     </span>
     <span class='ocr_line' id='line_1_5' title="bbox 174 418 1687 479; baseline 0.002 -15"><span class='ocrx_word' id='word_1_27' title='bbox 174 418 366 478; x_wconf 84' lang='lat' dir='ltr'><strong>imputat</strong></span> <span class='ocrx_word' id='word_1_28' title='bbox 394 426 555 479; x_wconf 81' lang='lat' dir='ltr'><strong>poetae</strong></span> <span class='ocrx_word' id='word_1_29' title='bbox 588 421 652 479; x_wconf 84' lang='lat' dir='ltr'><strong>(p.</strong></span> <span class='ocrx_word' id='word_1_30' title='bbox 669 420 763 477; x_wconf 86' lang='lat'><strong>87),</strong></span> <span class='ocrx_word' id='word_1_31' title='bbox 800 419 838 465; x_wconf 85' lang='lat' dir='ltr'><strong>si</strong></span> <span class='ocrx_word' id='word_1_32' title='bbox 874 433 1017 476; x_wconf 87' lang='lat' dir='ltr'><strong>usque</strong></span> <span class='ocrx_word' id='word_1_33' title='bbox 1056 434 1110 464; x_wconf 87' lang='lat' dir='ltr'><strong>eo</strong></span> <span class='ocrx_word' id='word_1_34' title='bbox 1142 418 1385 468; x_wconf 83' lang='lat' dir='ltr'><strong>Catullum</strong></span> <span class='ocrx_word' id='word_1_35' title='bbox 1402 419 1573 468; x_wconf 80' lang='lat' dir='ltr'><strong>iudicat</strong></span> <span class='ocrx_word' id='word_1_36' title='bbox 1611 419 1687 467; x_wconf 50' lang='lat' dir='ltr'><strong>ab*</strong></span> 
     </span>
     <span class='ocr_line' id='line_1_6' title="bbox 177 492 1685 552; baseline 0.002 -16"><span class='ocrx_word' id='word_1_37' title='bbox 177 497 355 551; x_wconf 83' lang='lat' dir='ltr'><strong>reptum</strong></span> <span class='ocrx_word' id='word_1_38' title='bbox 394 508 500 537; x_wconf 88' lang='lat' dir='ltr'><strong>esse</strong></span> <span class='ocrx_word' id='word_1_39' title='bbox 543 493 721 540; x_wconf 83' lang='lat' dir='ltr'><strong>fervore</strong></span> <span class='ocrx_word' id='word_1_40' title='bbox 762 492 855 538; x_wconf 83' lang='lat' dir='ltr'><strong>odii</strong></span> <span class='ocrx_word' id='word_1_41' title='bbox 891 498 942 537; x_wconf 88' lang='lat' dir='ltr'><strong>ut</strong></span> <span class='ocrx_word' id='word_1_42' title='bbox 980 507 1165 552; x_wconf 81' lang='lat' dir='ltr'><strong>prorsus</strong></span> <span class='ocrx_word' id='word_1_43' title='bbox 1201 492 1401 540; x_wconf 81' lang='lat' dir='ltr'><strong>veritatis</strong></span> <span class='ocrx_word' id='word_1_44' title='bbox 1445 492 1685 540; x_wconf 80' lang='lat' dir='ltr'><strong>terminum</strong></span> 
     </span>
     <span class='ocr_line' id='line_1_7' title="bbox 176 567 490 614; baseline 0 -3"><span class='ocrx_word' id='word_1_45' title='bbox 176 567 490 614; x_wconf 80' lang='lat' dir='ltr'><strong>transsiluerit.</strong></span> 
     </span>
    </p>

    <p class='ocr_par' dir='ltr' id='par_1_5' title="bbox 178 639 1691 1211">
     <span class='ocr_line' id='line_1_8' title="bbox 293 639 1687 702; baseline 0 -15"><span class='ocrx_word' id='word_1_46' title='bbox 293 640 441 687; x_wconf 85' lang='lat' dir='ltr'><strong>Cardo</strong></span> <span class='ocrx_word' id='word_1_47' title='bbox 472 656 580 685; x_wconf 88' lang='lat' dir='ltr'><strong>vero</strong></span> <span class='ocrx_word' id='word_1_48' title='bbox 610 640 745 686; x_wconf 80' lang='lat' dir='ltr'><strong>huius</strong></span> <span class='ocrx_word' id='word_1_49' title='bbox 778 640 1054 699; x_wconf 76' lang='lat' dir='ltr'><strong>quaestionis</strong></span> <span class='ocrx_word' id='word_1_50' title='bbox 1084 640 1262 686; x_wconf 83' lang='lat' dir='ltr'><strong>videtur</strong></span> <span class='ocrx_word' id='word_1_51' title='bbox 1277 639 1480 685; x_wconf 84' lang='lat' dir='ltr'><strong>versari</strong></span> <span class='ocrx_word' id='word_1_52' title='bbox 1467 655 1514 687; x_wconf 80' lang='lat' dir='ltr'><strong>ln</strong></span> <span class='ocrx_word' id='word_1_53' title='bbox 1542 641 1687 702; x_wconf 82' lang='lat' dir='ltr'><strong>expli-</strong></span> 
     </span>
     <span class='ocr_line' id='line_1_9' title="bbox 179 714 1687 776; baseline -0.001 -14"><span class='ocrx_word' id='word_1_54' title='bbox 179 714 353 764; x_wconf 79' lang='lat' dir='ltr'><strong>catione</strong></span> <span class='ocrx_word' id='word_1_55' title='bbox 384 715 589 763; x_wconf 74' lang='lat' dir='ltr'><strong>carminis</strong></span> <span class='ocrx_word' id='word_1_56' title='bbox 621 715 673 762; x_wconf 83' lang='lat' dir='ltr'><strong>O.</strong></span> <span class='ocrx_word' id='word_1_57' title='bbox 711 714 848 772; x_wconf 83' lang='lat' dir='ltr'><strong>Quod</strong></span> <span class='ocrx_word' id='word_1_58' title='bbox 879 730 1059 761; x_wconf 88' lang='lat' dir='ltr'><strong>carmen</strong></span> <span class='ocrx_word' id='word_1_59' title='bbox 1088 715 1473 775; x_wconf 82' lang='lat' dir='ltr'><strong>Iungclaussenus</strong></span> <span class='ocrx_word' id='word_1_60' title='bbox 1502 731 1687 776; x_wconf 83' lang='lat' dir='ltr'><strong>prorsus</strong></span> 
     </span>
     <span class='ocr_line' id='line_1_10' title="bbox 178 790 1688 851; baseline 0 -16"><span class='ocrx_word' id='word_1_61' title='bbox 178 790 385 848; x_wconf 82' lang='lat' dir='ltr'><strong>neglexit</strong></span> <span class='ocrx_word' id='word_1_62' title='bbox 425 791 667 851; x_wconf 82' lang='lat' dir='ltr'><strong>respicere,</strong></span> <span class='ocrx_word' id='word_1_63' title='bbox 699 791 964 837; x_wconf 85' lang='lat' dir='ltr'><strong>Schwabius</strong></span> <span class='ocrx_word' id='word_1_64' title='bbox 995 797 1144 835; x_wconf 88' lang='lat' dir='ltr'><strong>autem</strong></span> <span class='ocrx_word' id='word_1_65' title='bbox 1186 791 1251 849; x_wconf 91' lang='lat' dir='ltr'><strong>(p.</strong></span> <span class='ocrx_word' id='word_1_66' title='bbox 1269 790 1370 847; x_wconf 83' lang='lat'><strong>143)</strong></span> <span class='ocrx_word' id='word_1_67' title='bbox 1414 790 1688 851; x_wconf 78' lang='lat' dir='ltr'><strong>temporibus</strong></span> 
     </span>
     <span class='ocr_line' id='line_1_11' title="bbox 179 864 1689 926; baseline 0.002 -19"><span class='ocrx_word' id='word_1_68' title='bbox 179 864 511 916; x_wconf 68' lang='lat' dir='ltr'><strong>adulescentiae</strong></span> <span class='ocrx_word' id='word_1_69' title='bbox 528 865 695 914; x_wconf 84' lang='lat' dir='ltr'><strong>Catulli</strong></span> <span class='ocrx_word' id='word_1_70' title='bbox 722 865 877 926; x_wconf 91' lang='lat' dir='ltr'><strong>primis</strong></span> <span class='ocrx_word' id='word_1_71' title='bbox 907 865 1119 923; x_wconf 83' lang='lat' dir='ltr'><strong>attribuit,</strong></span> <span class='ocrx_word' id='word_1_72' title='bbox 1150 866 1309 923; x_wconf 89' lang='lat' dir='ltr'><strong>quibus</strong></span> <span class='ocrx_word' id='word_1_73' title='bbox 1334 872 1467 926; x_wconf 84' lang='lat' dir='ltr'><strong>poeta</strong></span> <span class='ocrx_word' id='word_1_74' title='bbox 1477 866 1689 912; x_wconf 76' lang='lat' dir='ltr'><strong>Veronae</strong></span> 
     </span>
     <span class='ocr_line' id='line_1_12' title="bbox 180 939 1690 999; baseline 0.002 -18"><span class='ocrx_word' id='word_1_75' title='bbox 180 939 347 987; x_wconf 78' lang='lat' dir='ltr'><strong>vixerit</strong></span> <span class='ocrx_word' id='word_1_76' title='bbox 377 954 526 998; x_wconf 89' lang='lat' dir='ltr'><strong>neque</strong></span> <span class='ocrx_word' id='word_1_77' title='bbox 555 939 663 985; x_wconf 86' lang='lat' dir='ltr'><strong>dum</strong></span> <span class='ocrx_word' id='word_1_78' title='bbox 692 940 1101 988; x_wconf 85' lang='lat' dir='ltr'><strong>Romae·Lesbiam</strong></span> <span class='ocrx_word' id='word_1_79' title='bbox 1131 954 1280 986; x_wconf 84' lang='lat' dir='ltr'><strong>amare</strong></span> <span class='ocrx_word' id='word_1_80' title='bbox 1310 939 1523 999; x_wconf 87' lang='lat' dir='ltr'><strong>coeperit.</strong></span> <span class='ocrx_word' id='word_1_81' title='bbox 1582 939 1690 984; x_wconf 79' lang='lat' dir='ltr'><strong>Per-</strong></span> 
     </span>
     <span class='ocr_line' id='line_1_13' title="bbox 181 1013 1689 1075; baseline 0.002 -18"><span class='ocrx_word' id='word_1_82' title='bbox 181 1013 249 1072; x_wconf 82' lang='lat' dir='ltr'><strong>git</strong></span> <span class='ocrx_word' id='word_1_83' title='bbox 273 1013 359 1059; x_wconf 86' lang='lat' dir='ltr'><strong>ita:</strong></span> <span class='ocrx_word' id='word_1_84' title='bbox 392 1018 521 1073; x_wconf 86' lang='lat' dir='ltr'><strong>‘quae</strong></span> <span class='ocrx_word' id='word_1_85' title='bbox 552 1014 590 1060; x_wconf 81' lang='lat' dir='ltr'><strong>si</strong></span> <span class='ocrx_word' id='word_1_86' title='bbox 620 1029 729 1060; x_wconf 83' lang='lat' dir='ltr'><strong>vere</strong></span> <span class='ocrx_word' id='word_1_87' title='bbox 762 1021 806 1060; x_wconf 82' lang='lat' dir='ltr'><strong>et</strong></span> <span class='ocrx_word' id='word_1_88' title='bbox 838 1014 894 1060; x_wconf 87' lang='lat' dir='ltr'><strong>ad</strong></span> <span class='ocrx_word' id='word_1_89' title='bbox 910 1014 1274 1075; x_wconf 85' lang='lat' dir='ltr'><strong>persuadendum</strong></span> <span class='ocrx_word' id='word_1_90' title='bbox 1293 1013 1585 1075; x_wconf 81' lang='lat' dir='ltr'><strong>probabiliter</strong></span> <span class='ocrx_word' id='word_1_91' title='bbox 1599 1013 1689 1060; x_wconf 81' lang='lat' dir='ltr'><strong>dis—</strong></span> 
     </span>
     <span class='ocr_line' id='line_1_14' title="bbox 180 1087 1691 1173; baseline 0.001 -41"><span class='ocrx_word' id='word_1_92' title='bbox 180 1087 449 1173; x_wconf 79' lang='lat' dir='ltr'><strong>putavimus,</strong></span> <span class='ocrx_word' id='word_1_93' title='bbox 494 1095 650 1149; x_wconf 85' lang='lat' dir='ltr'><strong>poeta,</strong></span> <span class='ocrx_word' id='word_1_94' title='bbox 694 1105 797 1135; x_wconf 89' lang='lat' dir='ltr'><strong>cum</strong></span> <span class='ocrx_word' id='word_1_95' title='bbox 840 1089 897 1135; x_wconf 86' lang='lat' dir='ltr'><strong>ad</strong></span> <span class='ocrx_word' id='word_1_96' title='bbox 944 1095 1135 1134; x_wconf 87' lang='lat' dir='ltr'><strong>aetatem</strong></span> <span class='ocrx_word' id='word_1_97' title='bbox 1172 1088 1416 1134; x_wconf 82' lang='lat' dir='ltr'><strong>iuvenilem</strong></span> <span class='ocrx_word' id='word_1_98' title='bbox 1447 1087 1691 1165; x_wconf 79' lang='lat' dir='ltr'><strong>respiciens</strong></span> 
     </span>
     <span class='ocr_line' id='line_1_15' title="bbox 182 1161 1011 1211; baseline 0.005 -6"><span class='ocrx_word' id='word_1_99' title='bbox 182 1161 229 1206; x_wconf 90' lang='lat' dir='ltr'><strong>in</strong></span> <span class='ocrx_word' id='word_1_100' title='bbox 261 1163 456 1211; x_wconf 78' lang='lat' dir='ltr'><strong>carmine</strong></span> <span class='ocrx_word' id='word_1_101' title='bbox 487 1163 691 1210; x_wconf 90' lang='lat' dir='ltr'><strong>LXVIII</strong></span> <span class='ocrx_word' id='word_1_102' title='bbox 721 1179 876 1209; x_wconf 84' lang='lat' dir='ltr'><strong>versus</strong></span> <span class='ocrx_word' id='word_1_103' title='bbox 905 1165 1011 1209; x_wconf 86' lang='lat' dir='ltr'><strong>illos</strong></span> 
     </span>
    </p>

    <p class='ocr_par' dir='ltr' id='par_1_6' title="bbox 356 1237 1462 1286">
     <span class='ocr_line' id='line_1_16' title="bbox 356 1237 1462 1286; baseline 0.001 -5"><span class='ocrx_word' id='word_1_104' title='bbox 356 1237 496 1286; x_wconf 86' lang='lat' dir='ltr'><strong>multa</strong></span> <span class='ocrx_word' id='word_1_105' title='bbox 524 1237 630 1282; x_wconf 81' lang='lat' dir='ltr'><strong>satis</strong></span> <span class='ocrx_word' id='word_1_106' title='bbox 661 1238 773 1285; x_wconf 85' lang='lat' dir='ltr'><strong>lusi.</strong></span> <span class='ocrx_word' id='word_1_107' title='bbox 806 1252 896 1282; x_wconf 89' lang='lat' dir='ltr'><strong>non</strong></span> <span class='ocrx_word' id='word_1_108' title='bbox 928 1244 996 1283; x_wconf 75' lang='lat' dir='ltr'><strong>est</strong></span> <span class='ocrx_word' id='word_1_109' title='bbox 1026 1238 1111 1285; x_wconf 83' lang='lat' dir='ltr'><strong>dea</strong></span> <span class='ocrx_word' id='word_1_110' title='bbox 1140 1237 1293 1285; x_wconf 84' lang='lat' dir='ltr'><strong>nescia</strong></span> <span class='ocrx_word' id='word_1_111' title='bbox 1322 1237 1462 1283; x_wconf 82' lang='lat' dir='ltr'><strong>nostri</strong></span> 
     </span>
    </p>

    <p class='ocr_par' dir='ltr' id='par_1_7' title="bbox 186 1311 1692 1594">
     <span class='ocr_line' id='line_1_17' title="bbox 356 1311 1303 1368; baseline 0.001 -13"><span class='ocrx_word' id='word_1_112' title='bbox 356 1325 470 1368; x_wconf 84' lang='lat' dir='ltr'><strong>quae</strong></span> <span class='ocrx_word' id='word_1_113' title='bbox 502 1311 682 1356; x_wconf 89' lang='lat' dir='ltr'><strong>dulcem</strong></span> <span class='ocrx_word' id='word_1_114' title='bbox 712 1311 832 1355; x_wconf 89' lang='lat' dir='ltr'><strong>curis</strong></span> <span class='ocrx_word' id='word_1_115' title='bbox 861 1311 1019 1356; x_wconf 89' lang='lat' dir='ltr'><strong>miscet</strong></span> <span class='ocrx_word' id='word_1_116' title='bbox 1054 1312 1303 1356; x_wconf 87' lang='lat' dir='ltr'><strong>amaritiem</strong></span> 
     </span>
     <span class='ocr_line' id='line_1_18' title="bbox 188 1383 1689 1443; baseline 0.001 -17"><span class='ocrx_word' id='word_1_117' title='bbox 188 1383 421 1443; x_wconf 80' lang='lat' dir='ltr'><strong>scriberet,</strong></span> <span class='ocrx_word' id='word_1_118' title='bbox 464 1400 621 1435; x_wconf 78' lang='lat' dir='ltr'><strong>corum</strong></span> <span class='ocrx_word' id='word_1_119' title='bbox 654 1400 766 1443; x_wconf 90' lang='lat' dir='ltr'><strong>quae</strong></span> <span class='ocrx_word' id='word_1_120' title='bbox 808 1401 908 1430; x_wconf 87' lang='lat' dir='ltr'><strong>eum</strong></span> <span class='ocrx_word' id='word_1_121' title='bbox 939 1386 1152 1434; x_wconf 88' lang='lat' dir='ltr'><strong>Aufilena</strong></span> <span class='ocrx_word' id='word_1_122' title='bbox 1184 1386 1289 1433; x_wconf 92' lang='lat' dir='ltr'><strong>olim</strong></span> <span class='ocrx_word' id='word_1_123' title='bbox 1330 1386 1500 1432; x_wconf 84' lang='lat' dir='ltr'><strong>luserat</strong></span> <span class='ocrx_word' id='word_1_124' title='bbox 1538 1384 1689 1432; x_wconf 85' lang='lat' dir='ltr'><strong>nescio</strong></span> 
     </span>
     <span class='ocr_line' id='line_1_19' title="bbox 186 1459 1692 1520; baseline 0.001 -18"><span class='ocrx_word' id='word_1_125' title='bbox 186 1474 241 1503; x_wconf 82' lang='lat' dir='ltr'><strong>an</strong></span> <span class='ocrx_word' id='word_1_126' title='bbox 273 1475 445 1509; x_wconf 83' lang='lat' dir='ltr'><strong>memor</strong></span> <span class='ocrx_word' id='word_1_127' title='bbox 473 1460 634 1507; x_wconf 79' lang='lat' dir='ltr'><strong>fuerit:</strong></span> <span class='ocrx_word' id='word_1_128' title='bbox 662 1460 928 1520; x_wconf 77' lang='lat' dir='ltr'><strong>praesertim</strong></span> <span class='ocrx_word' id='word_1_129' title='bbox 957 1476 1055 1505; x_wconf 90' lang='lat' dir='ltr'><strong>cum</strong></span> <span class='ocrx_word' id='word_1_130' title='bbox 1085 1475 1235 1507; x_wconf 84' lang='lat' dir='ltr'><strong>amore</strong></span> <span class='ocrx_word' id='word_1_131' title='bbox 1264 1460 1344 1506; x_wconf 87' lang='lat' dir='ltr'><strong>illo</strong></span> <span class='ocrx_word' id='word_1_132' title='bbox 1374 1459 1480 1506; x_wconf 75' lang='lat' dir='ltr'><strong>satis</strong></span> <span class='ocrx_word' id='word_1_133' title='bbox 1512 1464 1692 1517; x_wconf 79' lang='lat' dir='ltr'><strong>poetam</strong></span> 
     </span>
     <span class='ocr_line' id='line_1_20' title="bbox 189 1533 1035 1594; baseline -0.001 -15"><span class='ocrx_word' id='word_1_134' title='bbox 189 1533 349 1580; x_wconf 80' lang='lat' dir='ltr'><strong>arsisse</strong></span> <span class='ocrx_word' id='word_1_135' title='bbox 379 1548 438 1583; x_wconf 79' lang='lat' dir='ltr'><strong>ex</strong></span> <span class='ocrx_word' id='word_1_136' title='bbox 469 1534 664 1583; x_wconf 84' lang='lat' dir='ltr'><strong>carmine</strong></span> <span class='ocrx_word' id='word_1_137' title='bbox 701 1534 752 1580; x_wconf 87' lang='lat' dir='ltr'><strong>C.</strong></span> <span class='ocrx_word' id='word_1_138' title='bbox 767 1536 791 1579; x_wconf 87' lang='lat'><strong>7</strong></span> <span class='ocrx_word' id='word_1_139' title='bbox 822 1535 1035 1594; x_wconf 79' lang='lat' dir='ltr'><strong>adpareat</strong></span> 
     </span>
    </p>

    <p class='ocr_par' dir='ltr' id='par_1_8' title="bbox 361 1607 1514 1656">
     <span class='ocr_line' id='line_1_21' title="bbox 361 1607 1514 1656; baseline 0.001 -4"><span class='ocrx_word' id='word_1_140' title='bbox 361 1623 460 1654; x_wconf 87' lang='lat' dir='ltr'><strong>cum</strong></span> <span class='ocrx_word' id='word_1_141' title='bbox 490 1623 659 1656; x_wconf 79' lang='lat' dir='ltr'><strong>vesana</strong></span> <span class='ocrx_word' id='word_1_142' title='bbox 687 1624 808 1655; x_wconf 87' lang='lat' dir='ltr'><strong>meas</strong></span> <span class='ocrx_word' id='word_1_143' title='bbox 836 1615 1030 1655; x_wconf 88' lang='lat' dir='ltr'><strong>torreret</strong></span> <span class='ocrx_word' id='word_1_144' title='bbox 1058 1610 1237 1656; x_wconf 84' lang='lat' dir='ltr'><strong>flamma</strong></span> <span class='ocrx_word' id='word_1_145' title='bbox 1266 1607 1514 1654; x_wconf 83' lang='lat' dir='ltr'><strong>medullas’.</strong></span> 
     </span>
    </p>

    <p class='ocr_par' dir='ltr' id='par_1_9' title="bbox 186 1678 1696 2110">
     <span class='ocr_line' id='line_1_22' title="bbox 301 1678 1693 1742; baseline -0.004 -15"><span class='ocrx_word' id='word_1_146' title='bbox 301 1680 487 1740; x_wconf 85' lang='lat' dir='ltr'><strong>Ergone</strong></span> <span class='ocrx_word' id='word_1_147' title='bbox 520 1681 575 1725; x_wconf 89' lang='lat' dir='ltr'><strong>de</strong></span> <span class='ocrx_word' id='word_1_148' title='bbox 606 1681 694 1730; x_wconf 72' lang='lat' dir='ltr'><strong>alio</strong></span> <span class='ocrx_word' id='word_1_149' title='bbox 728 1682 920 1742; x_wconf 87' lang='lat' dir='ltr'><strong>quodam</strong></span> <span class='ocrx_word' id='word_1_150' title='bbox 942 1681 1098 1728; x_wconf 86' lang='lat' dir='ltr'><strong>Caelio</strong></span> <span class='ocrx_word' id='word_1_151' title='bbox 1130 1682 1178 1726; x_wconf 89' lang='lat' dir='ltr'><strong>in</strong></span> <span class='ocrx_word' id='word_1_152' title='bbox 1208 1691 1341 1727; x_wconf 83' lang='lat' dir='ltr'><strong>carm.</strong></span> <span class='ocrx_word' id='word_1_153' title='bbox 1367 1678 1417 1727; x_wconf 87' lang='lat' dir='ltr'><strong>C.</strong></span> <span class='ocrx_word' id='word_1_154' title='bbox 1447 1694 1593 1726; x_wconf 81' lang='lat' dir='ltr'><strong>sermo</strong></span> <span class='ocrx_word' id='word_1_155' title='bbox 1626 1685 1693 1723; x_wconf 82' lang='lat' dir='ltr'><strong>est</strong></span> 
     </span>
     <span class='ocr_line' id='line_1_23' title="bbox 186 1755 1693 1813; baseline -0.001 -15"><span class='ocrx_word' id='word_1_156' title='bbox 186 1760 321 1811; x_wconf 83' lang='lat' dir='ltr'><strong>atque</strong></span> <span class='ocrx_word' id='word_1_157' title='bbox 340 1755 388 1802; x_wconf 88' lang='lat' dir='ltr'><strong>in</strong></span> <span class='ocrx_word' id='word_1_158' title='bbox 422 1756 585 1803; x_wconf 86' lang='lat' dir='ltr'><strong>ceteris</strong></span> <span class='ocrx_word' id='word_1_159' title='bbox 613 1756 915 1807; x_wconf 79' lang='lat' dir='ltr'><strong>carminibus?</strong></span> <span class='ocrx_word' id='word_1_160' title='bbox 971 1757 1082 1800; x_wconf 87' lang='lat' dir='ltr'><strong>haec</strong></span> <span class='ocrx_word' id='word_1_161' title='bbox 1112 1755 1332 1802; x_wconf 85' lang='lat' dir='ltr'><strong>sententia</strong></span> <span class='ocrx_word' id='word_1_162' title='bbox 1360 1769 1511 1801; x_wconf 89' lang='lat' dir='ltr'><strong>nonne</strong></span> <span class='ocrx_word' id='word_1_163' title='bbox 1537 1768 1620 1813; x_wconf 81' lang='lat' dir='ltr'><strong>per</strong></span> <span class='ocrx_word' id='word_1_164' title='bbox 1644 1768 1693 1799; x_wconf 88' lang='lat' dir='ltr'><strong>se</strong></span> 
     </span>
     <span class='ocr_line' id='line_1_24' title="bbox 186 1825 1692 1888; baseline -0.001 -15"><span class='ocrx_word' id='word_1_165' title='bbox 186 1827 397 1877; x_wconf 84' lang='lat' dir='ltr'><strong>audacior</strong></span> <span class='ocrx_word' id='word_1_166' title='bbox 426 1830 528 1874; x_wconf 81' lang='lat' dir='ltr'><strong>est‘?</strong></span> <span class='ocrx_word' id='word_1_167' title='bbox 578 1836 622 1878; x_wconf 84' lang='lat' dir='ltr'><strong>et</strong></span> <span class='ocrx_word' id='word_1_168' title='bbox 659 1845 794 1888; x_wconf 88' lang='lat' dir='ltr'><strong>quam</strong></span> <span class='ocrx_word' id='word_1_169' title='bbox 832 1830 916 1876; x_wconf 86' lang='lat' dir='ltr'><strong>sibi</strong></span> <span class='ocrx_word' id='word_1_170' title='bbox 956 1829 1123 1877; x_wconf 85' lang='lat' dir='ltr'><strong>similes</strong></span> <span class='ocrx_word' id='word_1_171' title='bbox 1157 1835 1261 1875; x_wconf 83' lang='lat' dir='ltr'><strong>sunt</strong></span> <span class='ocrx_word' id='word_1_172' title='bbox 1305 1828 1354 1876; x_wconf 86' lang='lat' dir='ltr'><strong>hi</strong></span> <span class='ocrx_word' id='word_1_173' title='bbox 1400 1828 1488 1875; x_wconf 88' lang='lat' dir='ltr'><strong>duo</strong></span> <span class='ocrx_word' id='word_1_174' title='bbox 1528 1825 1692 1874; x_wconf 80' lang='lat' dir='ltr'><strong>Caelii:</strong></span> 
     </span>
     <span class='ocr_line' id='line_1_25' title="bbox 186 1900 1694 1962; baseline 0 -16"><span class='ocrx_word' id='word_1_175' title='bbox 186 1909 377 1960; x_wconf 87' lang='lat' dir='ltr'><strong>uterque</strong></span> <span class='ocrx_word' id='word_1_176' title='bbox 409 1905 495 1948; x_wconf 85' lang='lat' dir='ltr'><strong>fuit</strong></span> <span class='ocrx_word' id='word_1_177' title='bbox 523 1905 693 1950; x_wconf 84' lang='lat' dir='ltr'><strong>amicus</strong></span> <span class='ocrx_word' id='word_1_178' title='bbox 721 1905 905 1958; x_wconf 86' lang='lat' dir='ltr'><strong>Catulli,</strong></span> <span class='ocrx_word' id='word_1_179' title='bbox 946 1910 1135 1962; x_wconf 85' lang='lat' dir='ltr'><strong>uterque</strong></span> <span class='ocrx_word' id='word_1_180' title='bbox 1166 1904 1314 1962; x_wconf 78' lang='lat' dir='ltr'><strong>aliqua</strong></span> <span class='ocrx_word' id='word_1_181' title='bbox 1345 1903 1519 1949; x_wconf 81' lang='lat' dir='ltr'><strong>ratione</strong></span> <span class='ocrx_word' id='word_1_182' title='bbox 1547 1900 1694 1946; x_wconf 84' lang='lat' dir='ltr'><strong>amici-</strong></span> 
     </span>
     <span class='ocr_line' id='line_1_26' title="bbox 187 1975 1693 2036; baseline -0.004 -11"><span class='ocrx_word' id='word_1_183' title='bbox 187 1976 294 2021; x_wconf 79' lang='lat' dir='ltr'><strong>tiam</strong></span> <span class='ocrx_word' id='word_1_184' title='bbox 325 1976 372 2025; x_wconf 81' lang='lat' dir='ltr'><strong>in</strong></span> <span class='ocrx_word' id='word_1_185' title='bbox 403 1978 627 2026; x_wconf 83' lang='lat' dir='ltr'><strong>amoribus</strong></span> <span class='ocrx_word' id='word_1_186' title='bbox 656 1977 824 2024; x_wconf 86' lang='lat' dir='ltr'><strong>Catulli</strong></span> <span class='ocrx_word' id='word_1_187' title='bbox 854 1978 1077 2036; x_wconf 86' lang='lat' dir='ltr'><strong>praestitit</strong></span> <span class='ocrx_word' id='word_1_188' title='bbox 1111 1978 1189 2034; x_wconf 86' lang='lat' dir='ltr'><strong>(cf.</strong></span> <span class='ocrx_word' id='word_1_189' title='bbox 1221 1976 1276 2034; x_wconf 84' lang='lat' dir='ltr'><strong>C,</strong></span> <span class='ocrx_word' id='word_1_190' title='bbox 1297 1976 1338 2021; x_wconf 82' lang='lat'><strong>5.</strong></span> <span class='ocrx_word' id='word_1_191' title='bbox 1360 1978 1388 2020; x_wconf 87' lang='lat'>6</span> <span class='ocrx_word' id='word_1_192' title='bbox 1417 1976 1490 2022; x_wconf 86' lang='lat' dir='ltr'><strong>oui</strong></span> <span class='ocrx_word' id='word_1_193' title='bbox 1519 1975 1693 2021; x_wconf 78' lang='lat' dir='ltr'><strong>faveam</strong></span> 
     </span>
     <span class='ocr_line' id='line_1_27' title="bbox 187 2048 1696 2110; baseline -0.001 -16"><span class='ocrx_word' id='word_1_194' title='bbox 187 2050 371 2110; x_wconf 80' lang='lat' dir='ltr'><strong>potius?</strong></span> <span class='ocrx_word' id='word_1_195' title='bbox 403 2051 530 2096; x_wconf 82' lang='lat' dir='ltr'><strong>Caeli</strong></span> <span class='ocrx_word' id='word_1_196' title='bbox 561 2051 668 2100; x_wconf 82' lang='lat' dir='ltr'><strong>tibi:</strong></span> <span class='ocrx_word' id='word_1_197' title='bbox 700 2067 801 2096; x_wconf 87' lang='lat' dir='ltr'><strong>nam</strong></span> <span class='ocrx_word' id='word_1_198' title='bbox 833 2056 909 2096; x_wconf 85' lang='lat' dir='ltr'><strong>tua</strong></span> <span class='ocrx_word' id='word_1_199' title='bbox 937 2050 1067 2097; x_wconf 83' lang='lat' dir='ltr'><strong>nobis</strong></span> <span class='ocrx_word' id='word_1_200' title='bbox 1097 2050 1308 2097; x_wconf 84' lang='lat' dir='ltr'><strong>Perfecta</strong></span> <span class='ocrx_word' id='word_1_201' title='bbox 1335 2050 1534 2108; x_wconf 83' lang='lat' dir='ltr'><strong>exigitur</strong></span> <span class='ocrx_word' id='word_1_202' title='bbox 1564 2048 1696 2095; x_wconf 86' lang='lat' dir='ltr'><strong>unica</strong></span> 
     </span>
    </p>
   </div>
   <div class='ocr_carea' id='block_1_5' title="bbox 186 2174 452 2183">
    <p class='ocr_par' dir='ltr' id='par_1_10' title="bbox 186 2174 452 2183">
     <span class='ocr_line' id='line_1_28' title="bbox 186 2174 452 2183; baseline 0 761"><span class='ocrx_word' id='word_1_203' title='bbox 186 2174 452 2183; x_wconf 95' lang='lat' dir='ltr'><strong> </strong></span> 
     </span>
    </p>
   </div>
   <div class='ocr_carea' id='block_1_6' title="bbox 185 2257 1696 2770">
    <p class='ocr_par' dir='ltr' id='par_1_11' title="bbox 185 2257 1695 2443">
     <span class='ocr_line' id='line_1_29' title="bbox 188 2257 1695 2307; baseline 0.001 -15"><span class='ocrx_word' id='word_1_204' title='bbox 188 2257 339 2304; x_wconf 85' lang='lat' dir='ltr'><strong>saepius</strong></span> <span class='ocrx_word' id='word_1_205' title='bbox 365 2258 498 2295; x_wconf 85' lang='lat' dir='ltr'><strong>videre</strong></span> <span class='ocrx_word' id='word_1_206' title='bbox 526 2258 706 2296; x_wconf 85' lang='lat' dir='ltr'><strong>voluisti:</strong></span> <span class='ocrx_word' id='word_1_207' title='bbox 729 2259 839 2296; x_wconf 87' lang='lat' dir='ltr'><strong>fuisti</strong></span> <span class='ocrx_word' id='word_1_208' title='bbox 862 2271 941 2296; x_wconf 91' lang='lat' dir='ltr'><strong>non</strong></span> <span class='ocrx_word' id='word_1_209' title='bbox 963 2271 1172 2307; x_wconf 86' lang='lat' dir='ltr'><strong>numquam</strong></span> <span class='ocrx_word' id='word_1_210' title='bbox 1195 2258 1236 2295; x_wconf 90' lang='lat' dir='ltr'><strong>in</strong></span> <span class='ocrx_word' id='word_1_211' title='bbox 1250 2258 1373 2298; x_wconf 86' lang='lat' dir='ltr'><strong>isdem</strong></span> <span class='ocrx_word' id='word_1_212' title='bbox 1388 2257 1525 2302; x_wconf 82' lang='lat' dir='ltr'><strong>hortis,</strong></span> <span class='ocrx_word' id='word_1_213' title='bbox 1553 2257 1611 2295; x_wconf 85' lang='lat' dir='ltr'><strong>vis</strong></span> <span class='ocrx_word' id='word_1_214' title='bbox 1627 2268 1695 2294; x_wconf 89' lang='lat' dir='ltr'><strong>no·</strong></span> 
     </span>
     <span class='ocr_line' id='line_1_30' title="bbox 185 2320 1694 2372; baseline 0.001 -15"><span class='ocrx_word' id='word_1_215' title='bbox 185 2321 281 2371; x_wconf 78' lang='lat' dir='ltr'><strong>bilis</strong></span> <span class='ocrx_word' id='word_1_216' title='bbox 300 2320 441 2360; x_wconf 88' lang='lat' dir='ltr'><strong>mulier</strong></span> <span class='ocrx_word' id='word_1_217' title='bbox 465 2323 576 2360; x_wconf 89' lang='lat' dir='ltr'><strong>illum</strong></span> <span class='ocrx_word' id='word_1_218' title='bbox 600 2323 723 2360; x_wconf 89' lang='lat' dir='ltr'><strong>filium</strong></span> <span class='ocrx_word' id='word_1_219' title='bbox 749 2324 912 2366; x_wconf 76' lang='lat' dir='ltr'><strong>familias</strong></span> <span class='ocrx_word' id='word_1_220' title='bbox 937 2327 1049 2372; x_wconf 84' lang='lat' dir='ltr'><strong>patre</strong></span> <span class='ocrx_word' id='word_1_221' title='bbox 1075 2336 1192 2371; x_wconf 82' lang='lat' dir='ltr'><strong>parco</strong></span> <span class='ocrx_word' id='word_1_222' title='bbox 1218 2336 1262 2361; x_wconf 87' lang='lat' dir='ltr'><strong>ac</strong></span> <span class='ocrx_word' id='word_1_223' title='bbox 1290 2324 1419 2364; x_wconf 84' lang='lat' dir='ltr'><strong>tenaci</strong></span> <span class='ocrx_word' id='word_1_224' title='bbox 1444 2323 1587 2361; x_wconf 80' lang='lat' dir='ltr'><strong>habere</strong></span> <span class='ocrx_word' id='word_1_225' title='bbox 1615 2322 1694 2359; x_wconf 75' lang='lat' dir='ltr'><strong>tuis</strong></span> 
     </span>
     <span class='ocr_line' id='line_1_31' title="bbox 188 2387 1345 2443; baseline 0.003 -19"><span class='ocrx_word' id='word_1_226' title='bbox 188 2387 310 2435; x_wconf 91' lang='lat' dir='ltr'><strong>copiis</strong></span> <span class='ocrx_word' id='word_1_227' title='bbox 337 2389 579 2443; x_wconf 78' lang='lat' dir='ltr'><strong>devinctum:</strong></span> <span class='ocrx_word' id='word_1_228' title='bbox 605 2402 684 2428; x_wconf 90' lang='lat' dir='ltr'><strong>non</strong></span> <span class='ocrx_word' id='word_1_229' title='bbox 708 2393 841 2439; x_wconf 87' lang='lat' dir='ltr'><strong>potes;</strong></span> <span class='ocrx_word' id='word_1_230' title='bbox 867 2391 1058 2436; x_wconf 83' lang='lat' dir='ltr'><strong>calcitrat,</strong></span> <span class='ocrx_word' id='word_1_231' title='bbox 1090 2391 1240 2438; x_wconf 86' lang='lat' dir='ltr'><strong>respuit</strong></span> <span class='ocrx_word' id='word_1_232' title='bbox 1267 2391 1345 2437; x_wconf 88' lang='lat'><strong>—’;</strong></span> 
     </span>
    </p>

    <p class='ocr_par' dir='ltr' id='par_1_12' title="bbox 188 2456 1696 2770">
     <span class='ocr_line' id='line_1_32' title="bbox 325 2456 1694 2505; baseline -0.001 -12"><span class='ocrx_word' id='word_1_233' title='bbox 325 2458 378 2494; x_wconf 89' lang='lat' dir='ltr'><strong>ib.</strong></span> <span class='ocrx_word' id='word_1_234' title='bbox 402 2457 470 2502; x_wconf 91' lang='lat'>111,</span> <span class='ocrx_word' id='word_1_235' title='bbox 497 2461 520 2495; x_wconf 87' lang='lat'><strong>6</strong></span> <span class='ocrx_word' id='word_1_236' title='bbox 557 2459 665 2495; x_wconf 84' lang='lat' dir='ltr'><strong>‘Nam</strong></span> <span class='ocrx_word' id='word_1_237' title='bbox 690 2460 794 2505; x_wconf 83' lang='lat' dir='ltr'><strong>quod</strong></span> <span class='ocrx_word' id='word_1_238' title='bbox 819 2459 1015 2495; x_wconf 86' lang='lat' dir='ltr'><strong>obiectum</strong></span> <span class='ocrx_word' id='word_1_239' title='bbox 1039 2460 1099 2495; x_wconf 87' lang='lat' dir='ltr'><strong>est</strong></span> <span class='ocrx_word' id='word_1_240' title='bbox 1126 2458 1174 2494; x_wconf 87' lang='lat' dir='ltr'><strong>de</strong></span> <span class='ocrx_word' id='word_1_241' title='bbox 1199 2457 1387 2504; x_wconf 84' lang='lat' dir='ltr'><strong>pudicitia</strong></span> <span class='ocrx_word' id='word_1_242' title='bbox 1412 2456 1590 2504; x_wconf 86' lang='lat' dir='ltr'><strong>quodque</strong></span> <span class='ocrx_word' id='word_1_243' title='bbox 1616 2467 1694 2491; x_wconf 91' lang='lat' dir='ltr'><strong>om-</strong></span> 
     </span>
     <span class='ocr_line' id='line_1_33' title="bbox 188 2520 1696 2568; baseline -0.001 -10"><span class='ocrx_word' id='word_1_244' title='bbox 188 2522 297 2558; x_wconf 89' lang='lat' dir='ltr'><strong>nium</strong></span> <span class='ocrx_word' id='word_1_245' title='bbox 322 2526 592 2561; x_wconf 79' lang='lat' dir='ltr'><strong>accusatorum</strong></span> <span class='ocrx_word' id='word_1_246' title='bbox 615 2536 693 2560; x_wconf 91' lang='lat' dir='ltr'><strong>non</strong></span> <span class='ocrx_word' id='word_1_247' title='bbox 727 2523 970 2567; x_wconf 84' lang='lat' dir='ltr'><strong>criminibus,</strong></span> <span class='ocrx_word' id='word_1_248' title='bbox 1006 2523 1075 2561; x_wconf 79' lang='lat' dir='ltr'><strong>sed</strong></span> <span class='ocrx_word' id='word_1_249' title='bbox 1098 2523 1256 2560; x_wconf 79' lang='lat' dir='ltr'><strong>vocibus</strong></span> <span class='ocrx_word' id='word_1_250' title='bbox 1281 2522 1572 2568; x_wconf 80' lang='lat' dir='ltr'><strong>maledictisque</strong></span> <span class='ocrx_word' id='word_1_251' title='bbox 1598 2520 1696 2557; x_wconf 86' lang='lat' dir='ltr'><strong>cele-</strong></span> 
     </span>
     <span class='ocr_line' id='line_1_34' title="bbox 188 2588 1695 2637; baseline -0.002 -13"><span class='ocrx_word' id='word_1_252' title='bbox 188 2588 344 2624; x_wconf 85' lang='lat' dir='ltr'><strong>bratum</strong></span> <span class='ocrx_word' id='word_1_253' title='bbox 370 2590 441 2633; x_wconf 81' lang='lat' dir='ltr'><strong>est,</strong></span> <span class='ocrx_word' id='word_1_254' title='bbox 471 2588 511 2626; x_wconf 83' lang='lat' dir='ltr'><strong>id</strong></span> <span class='ocrx_word' id='word_1_255' title='bbox 535 2602 743 2637; x_wconf 87' lang='lat' dir='ltr'><strong>numquam</strong></span> <span class='ocrx_word' id='word_1_256' title='bbox 771 2592 852 2626; x_wconf 86' lang='lat' dir='ltr'><strong>tam</strong></span> <span class='ocrx_word' id='word_1_257' title='bbox 878 2589 1016 2626; x_wconf 89' lang='lat' dir='ltr'><strong>acerbe</strong></span> <span class='ocrx_word' id='word_1_258' title='bbox 1041 2589 1141 2625; x_wconf 89' lang='lat' dir='ltr'><strong>feret</strong></span> <span class='ocrx_word' id='word_1_259' title='bbox 1160 2588 1212 2625; x_wconf 92' lang='lat' dir='ltr'><strong>M.</strong></span> <span class='ocrx_word' id='word_1_260' title='bbox 1232 2588 1394 2632; x_wconf 85' lang='lat' dir='ltr'><strong>Caelius,</strong></span> <span class='ocrx_word' id='word_1_261' title='bbox 1423 2590 1468 2623; x_wconf 91' lang='lat' dir='ltr'><strong>ut</strong></span> <span class='ocrx_word' id='word_1_262' title='bbox 1495 2598 1583 2623; x_wconf 88' lang='lat' dir='ltr'><strong>eum</strong></span> <span class='ocrx_word' id='word_1_263' title='bbox 1606 2596 1695 2632; x_wconf 89' lang='lat' dir='ltr'><strong>pae-</strong></span> 
     </span>
     <span class='ocr_line' id='line_1_35' title="bbox 189 2650 1695 2703; baseline -0.003 -11"><span class='ocrx_word' id='word_1_264' title='bbox 189 2653 312 2696; x_wconf 68' lang='lat' dir='ltr'><strong>niteat</strong></span> <span class='ocrx_word' id='word_1_265' title='bbox 336 2667 415 2692; x_wconf 90' lang='lat' dir='ltr'><strong>non</strong></span> <span class='ocrx_word' id='word_1_266' title='bbox 440 2656 652 2697; x_wconf 80' lang='lat' dir='ltr'><strong>deformem</strong></span> <span class='ocrx_word' id='word_1_267' title='bbox 677 2669 760 2694; x_wconf 83' lang='lat' dir='ltr'><strong>esse</strong></span> <span class='ocrx_word' id='word_1_268' title='bbox 785 2658 940 2703; x_wconf 69' lang='lat' dir='ltr'><strong>natum3</strong></span> <span class='ocrx_word' id='word_1_269' title='bbox 974 2658 1064 2695; x_wconf 76' lang='lat' dir='ltr'><strong>sunt</strong></span> <span class='ocrx_word' id='word_1_270' title='bbox 1087 2655 1189 2694; x_wconf 87' lang='lat' dir='ltr'><strong>enim</strong></span> <span class='ocrx_word' id='word_1_271' title='bbox 1212 2655 1288 2692; x_wconf 87' lang='lat' dir='ltr'><strong>ista</strong></span> <span class='ocrx_word' id='word_1_272' title='bbox 1312 2653 1518 2692; x_wconf 81' lang='lat' dir='ltr'><strong>maledicta</strong></span> <span class='ocrx_word' id='word_1_273' title='bbox 1542 2650 1695 2700; x_wconf 80' lang='lat' dir='ltr'><strong>pervul-</strong></span> 
     </span>
     <span class='ocr_line' id='line_1_36' title="bbox 189 2717 1691 2770; baseline -0.003 -12"><span class='ocrx_word' id='word_1_274' title='bbox 189 2721 281 2768; x_wconf 74' lang='lat' dir='ltr'><strong>gata</strong></span> <span class='ocrx_word' id='word_1_275' title='bbox 299 2720 339 2759; x_wconf 82' lang='lat' dir='ltr'><strong>in</strong></span> <span class='ocrx_word' id='word_1_276' title='bbox 358 2734 488 2760; x_wconf 77' lang='lat' dir='ltr'><strong>omnes</strong></span> <span class='ocrx_word' id='word_1_277' title='bbox 514 2735 676 2770; x_wconf 89' lang='lat' dir='ltr'><strong>quorum</strong></span> <span class='ocrx_word' id='word_1_278' title='bbox 699 2722 739 2759; x_wconf 92' lang='lat' dir='ltr'><strong>in</strong></span> <span class='ocrx_word' id='word_1_279' title='bbox 767 2722 1028 2763; x_wconf 75' lang='lat' dir='ltr'><strong>adolescentia</strong></span> <span class='ocrx_word' id='word_1_280' title='bbox 1052 2722 1175 2759; x_wconf 83' lang='lat' dir='ltr'><strong>forma</strong></span> <span class='ocrx_word' id='word_1_281' title='bbox 1189 2724 1229 2760; x_wconf 91' lang='lat' dir='ltr'><strong>et</strong></span> <span class='ocrx_word' id='word_1_282' title='bbox 1243 2720 1390 2769; x_wconf 82' lang='lat' dir='ltr'><strong>species</strong></span> <span class='ocrx_word' id='word_1_283' title='bbox 1403 2719 1480 2757; x_wconf 84' lang='lat' dir='ltr'><strong>fuit</strong></span> <span class='ocrx_word' id='word_1_284' title='bbox 1492 2717 1691 2756; x_wconf 67' lang='lat' dir='ltr'><strong>liberdis&#39;.</strong></span> 
     </span>
    </p>
   </div>
  </div>
 </body>
</html>
