1848 2944
910 61 948 107 4:

176 186 356 230 omnino
385 187 499 230 nihil
530 193 598 231 est
628 188 747 246 quod
779 182 1047 243 dissuadeat,
1078 186 1214 230 immo
1239 186 1287 230 id
1319 200 1372 231 eo
1401 186 1684 233 commenda-

174 265 248 303 tur
271 261 390 317 quod
403 261 569 318 Allius,
598 262 669 305 vir
698 263 794 306 sine
826 261 961 306 dubio
988 261 1165 317 nobilis,
1183 261 1364 306 domum
1384 277 1509 306 suam
1537 275 1684 309 amam

173 332 292 378 tibus
322 333 527 391 praebuit
558 350 646 393 quo
680 334 996 379 convenirent:
1037 349 1173 391 quare
1201 335 1334 379 simul
1363 334 1582 380 sententia
1611 348 1683 378 eo÷

173 423 274 450 rum
318 409 541 452 refutatur
590 408 666 465 qui
711 408 1042 452 meretriculam
1090 408 1227 452 fuisse
1270 408 1478 452 Lesbiam
1530 409 1681 467 inepte

176 480 393 524 credunt’.

297 553 487 599 Omissis
519 554 584 599 eis
615 556 891 613 argumentis
930 571 1042 614 quae
1084 570 1183 614 per
1215 570 1273 598 se
1310 555 1479 599 nullam
1520 556 1686 599 habent

174 627 510 673 demonstrandi
540 629 630 672 vim
660 645 715 673 ca
745 629 833 673 duo
864 635 1037 673 tantum
1066 631 1260 674 conabor
1288 630 1488 673 refutare
1521 628 1682 687 quibus

172 701 363 747 Lesbius
394 709 440 747 et
468 703 650 749 Caelius
672 704 815 749 Rufus
847 719 948 747 cum
978 704 1027 747 P.
1047 703 1207 748 Clodio
1243 710 1287 747 et
1315 702 1375 747 M.
1394 702 1549 748 Caelio
1564 703 1681 748 Rufo

173 784 517 836 componuntur.
587 777 865 837 Quamquam
909 778 1158 822 concedere
1204 778 1409 836 cogimur
1445 777 1680 821 ‘Lesbiam'
1745 805 1747 807 ·

172 852 326 896 fictum
355 867 521 896 nomen
547 851 687 896 fuisse
703 868 787 911 pro
810 852 1014 910 ‘Clodia‘,
1040 852 1147 897 inde
1174 853 1380 910 profecto
1410 866 1492 911 per
1523 866 1571 896 se
1591 866 1682 896 non

140 955 142 957 »
174 930 244 967 est
273 925 596 969 consectarium
625 925 862 969 ‘Lesbium’
895 940 1059 969 nomen
1088 925 1134 968 in
1166 940 1201 969 c.
1226 925 1428 969 LXXIX
1456 924 1575 968 idem
1607 940 1681 967 va·

178 999 274 1043 lere
309 998 429 1056 quod
463 997 728 1056 ‘Clodium'3
777 999 886 1059 quid
917 999 1066 1044 enim‘?
1111 1014 1258 1043 nonne
1301 998 1485 1042 credere
1524 1013 1680 1060 possu—

177 1088 276 1116 mus
307 1072 467 1116 eodem
496 1073 631 1117 modo
663 1073 736 1116 hic
765 1080 1007 1117 amatorem
1040 1073 1261 1130 quendam
1290 1072 1478 1116 Lesbiae
1508 1072 1680 1116 felicio-

173 1161 271 1189 rem
302 1145 483 1190 Catullo
519 1153 706 1205 propter
733 1146 848 1191 hanc
875 1147 1014 1190 solam
1045 1162 1220 1190 causam
1253 1146 1371 1203 quod
1398 1161 1499 1189 cum
1519 1145 1682 1189 Lesbia

172 1219 389 1263 rationem
419 1219 595 1277 habeat,
610 1219 825 1264 Lesbium
855 1221 1123 1279 appellari1)
1152 1226 1201 1263 ut
1232 1220 1278 1263 in
1309 1235 1444 1263 carm.
1461 1219 1569 1265 LIX
1598 1219 1676 1263 v.1

172 1294 315 1337 amica
346 1293 475 1337 ‘Rufi’
507 1294 597 1349 vel,
641 1302 690 1337 ut
727 1294 802 1337 hic
840 1310 942 1337 cum
976 1300 1237 1352 contemptu
1279 1294 1547 1349 nominetur,
1577 1293 1679 1337 ‘Ru-

172 1366 268 1410 fuli'
300 1365 481 1412 ‘Rufa’?
518 1365 737 1412 Conferas
768 1381 931 1424 quaeso
964 1365 1082 1424 quod
1112 1366 1208 1425 ipse
1230 1366 1493 1413 Schwabius
1523 1368 1585 1425 (p.
1606 1364 1681 1423 88)

174 1440 230 1484 de
258 1442 343 1485 hoc
374 1441 558 1484 nomine
588 1441 767 1485 dixerit.
817 1441 1026 1484 Fortasse
1054 1441 1102 1483 in
1134 1441 1316 1484 nomine
1346 1440 1562 1484 ‘Lesbius'
1595 1441 1681 1484 sin*

170 1514 329 1573 gulare
361 1514 583 1574 quoddam
617 1514 736 1558 inest
764 1529 965 1571 acumen,
997 1529 1083 1571 quo
1117 1514 1297 1558 nomine
1329 1513 1365 1558 is
1399 1513 1673 1572 designetur,

172 1590 250 1647 qui
278 1589 508 1648 possideat
528 1590 632 1645 iam,
651 1596 701 1632 ut
718 1590 780 1632 ita
801 1589 959 1645 dicam,
977 1588 1169 1632 Lesbiae
1186 1603 1383 1632 amorem
1406 1588 1462 1632 cf.
1474 1587 1679 1632 LXXIX

171 1679 213 1707 v,
237 1663 274 1707 1.
303 1663 354 1708 2:

269 1726 273 1729 ¹
926 1752 1060 1795 quem
1094 1738 1257 1781 Lesbia
1285 1737 1410 1781 malit
1454 1767 1457 1770 ·

410 1808 555 1864 Quam
584 1816 630 1853 te
663 1825 765 1853 cum
792 1815 885 1853 tota
914 1815 1064 1866 gente,
1097 1807 1271 1853 Catulle
1304 1815 1394 1855 tua.

287 1883 381 1929 Sed
411 1883 659 1941 largiamur
687 1883 792 1926 huic
815 1883 981 1927 Lesbio
1015 1898 1173 1926 verum
1204 1897 1371 1927 nomen
1393 1883 1533 1927 fuisse
1564 1882 1682 1927 ‘Olo-

172 1957 326 2012 dium’,
367 1957 501 2001 simul
539 1970 794 2015 cognomen
836 1956 982 2000 eidem
1025 1956 1165 2000 fuisse
1198 1957 1439 2001 ‘Pulcrum’
1475 1955 1679 2013 (Schwa-

169 2032 269 2076 bius
304 2032 424 2075 enim
453 2047 498 2090 p.
516 2031 586 2075 92.
617 2032 672 2075 93
705 2047 808 2075 cum
834 2032 1010 2076 Mureto
1040 2031 1155 2074 hanc
1186 2031 1523 2089 ambiguitatem
1553 2031 1683 2075 verbi

170 2105 355 2164 ‘pulcer’
394 2105 440 2148 in
472 2121 514 2149 v.
534 2106 556 2149 1
590 2104 874 2164 deprendere
905 2105 989 2149 sibi
1018 2105 1210 2150 videtur.
1261 2105 1476 2150 Ceterum
1508 2120 1566 2149 ex
1596 2105 1682 2149 hoc

170 2181 312 2223 verbo
344 2194 426 2237 per
456 2194 504 2223 se
534 2185 733 2238 spectato
767 2194 857 2222 non
886 2184 1035 2236 potest
1067 2179 1274 2223 concludi
1300 2179 1514 2223 Lesbium
1544 2178 1682 2223 fuisse

174 2253 382 2298 Clodium
413 2254 636 2313 qu‘endam
666 2253 910 2310 Pulcrum3
959 2253 1048 2297 imo
1080 2260 1188 2298 tunc
1219 2253 1400 2298 demum
1431 2253 1467 2297 si
1498 2267 1681 2305 conces-

170 2327 359 2371 serimus
390 2327 603 2371 Les'bium
641 2327 778 2370 fuisse
811 2327 1021 2372 Clodium
1065 2327 1306 2385 quendam,
1347 2327 1480 2371 simul
1523 2326 1681 2383 largiri

169 2401 358 2446 fortasse
397 2402 605 2460 cogimur
647 2417 900 2460 cognomen
940 2402 1046 2446 huic
1091 2401 1252 2446 Clodio
1303 2401 1440 2447 fuisse
1479 2400 1682 2457 Pulcm),

172 2476 280 2520 inde
313 2477 496 2520 minime
532 2476 688 2533 colligi
721 2482 868 2535 potest
900 2477 1020 2520 hunc
1057 2476 1194 2520 fuisse
1221 2476 1272 2519 P.
1304 2477 1436 2521 istum
1465 2475 1679 2521 Clodium

171 2550 407 2606 Pulcrum3
437 2566 539 2594 nam
570 2551 606 2594 si
632 2566 739 2595 vere
762 2551 1085 2594 demonstravit
1100 2549 1366 2595 Schwabius
1383 2549 1675 2610 (p.94÷101)

309 2702 336 2751 ¹)
361 2703 422 2740 Ita
445 2703 522 2741 iam
547 2704 779 2752 Doeringius
804 2705 877 2742 hoc
901 2718 1041 2742 nomen
1066 2706 1276 2742 declaravit
1306 2704 1353 2742 cf.
1380 2704 1480 2741 infra
1505 2716 1543 2752 p.
1564 2705 1625 2741 26.
