<?xml version="1.0" encoding="UTF-8"?>
<!DOCTYPE html PUBLIC "-//W3C//DTD XHTML 1.0 Transitional//EN"
    "http://www.w3.org/TR/xhtml1/DTD/xhtml1-transitional.dtd">
<html xmlns="http://www.w3.org/1999/xhtml" xml:lang="en" lang="en">
 <head>
  <title>
</title>
<meta http-equiv="Content-Type" content="text/html;charset=utf-8" />
  <meta name='ocr-system' content='tesseract 3.04.00' />
  <meta name='ocr-capabilities' content='ocr_page ocr_carea ocr_par ocr_line ocrx_word'/>
</head>
<body>
  <div class='ocr_page' id='page_1' title='image "4737193_0033.png"; bbox 0 0 1848 2944; ppageno 0'>
   <div class='ocr_carea' id='block_1_1' title="bbox 884 55 941 107">
    <p class='ocr_par' dir='ltr' id='par_1_1' title="bbox 884 55 941 107">
     <span class='ocr_line' id='line_1_1' title="bbox 884 55 941 107; baseline 0.018 -1"><span class='ocrx_word' id='word_1_1' title='bbox 884 55 941 107; x_wconf 70' lang='lat'>83</span> 
     </span>
    </p>
   </div>
   <div class='ocr_carea' id='block_1_2' title="bbox 152 182 1723 2774">
    <p class='ocr_par' dir='ltr' id='par_1_2' title="bbox 152 182 1723 2774">
     <span class='ocr_line' id='line_1_2' title="bbox 164 182 1662 249; baseline -0.004 -18"><span class='ocrx_word' id='word_1_2' title='bbox 164 193 374 249; x_wconf 79' lang='lat' dir='ltr'>quattuor</span> <span class='ocrx_word' id='word_1_3' title='bbox 400 184 602 235; x_wconf 82' lang='lat' dir='ltr'>versibus</span> <span class='ocrx_word' id='word_1_4' title='bbox 622 182 678 226; x_wconf 86' lang='lat' dir='ltr'>de</span> <span class='ocrx_word' id='word_1_5' title='bbox 697 182 841 227; x_wconf 88' lang='lat' dir='ltr'>tribus</span> <span class='ocrx_word' id='word_1_6' title='bbox 858 182 1063 241; x_wconf 84' lang='lat' dir='ltr'>personis</span> <span class='ocrx_word' id='word_1_7' title='bbox 1083 196 1336 227; x_wconf 88' lang='lat' dir='ltr'>sermonem</span> <span class='ocrx_word' id='word_1_8' title='bbox 1358 196 1456 227; x_wconf 88' lang='lat' dir='ltr'>esse</span> <span class='ocrx_word' id='word_1_9' title='bbox 1477 197 1662 240; x_wconf 89' lang='lat' dir='ltr'>quarum</span> 
     </span>
     <span class='ocr_line' id='line_1_3' title="bbox 162 257 1662 316; baseline -0.004 -9"><span class='ocrx_word' id='word_1_10' title='bbox 162 263 279 313; x_wconf 85' lang='lat' dir='ltr'>inter</span> <span class='ocrx_word' id='word_1_11' title='bbox 310 261 436 311; x_wconf 85' lang='lat' dir='ltr'>binas</span> <span class='ocrx_word' id='word_1_12' title='bbox 466 258 647 316; x_wconf 86' lang='lat' dir='ltr'>quidem</span> <span class='ocrx_word' id='word_1_13' title='bbox 679 258 910 313; x_wconf 83' lang='lat' dir='ltr'>Victorem</span> <span class='ocrx_word' id='word_1_14' title='bbox 940 264 984 302; x_wconf 91' lang='lat' dir='ltr'>et</span> <span class='ocrx_word' id='word_1_15' title='bbox 1012 257 1219 306; x_wconf 84' lang='lat' dir='ltr'><strong>Lesbiam</strong></span> <span class='ocrx_word' id='word_1_16' title='bbox 1256 258 1405 303; x_wconf 89' lang='lat' dir='ltr'>nullus</span> <span class='ocrx_word' id='word_1_17' title='bbox 1447 258 1662 303; x_wconf 89' lang='lat' dir='ltr'>interces-</span> 
     </span>
     <span class='ocr_line' id='line_1_4' title="bbox 161 330 1659 389; baseline -0.004 -8"><span class='ocrx_word' id='word_1_18' title='bbox 161 336 268 381; x_wconf 82' lang='lat' dir='ltr'><strong>serit</strong></span> <span class='ocrx_word' id='word_1_19' title='bbox 298 349 453 385; x_wconf 79' lang='lat' dir='ltr'>nexus,</span> <span class='ocrx_word' id='word_1_20' title='bbox 490 330 631 389; x_wconf 88' lang='lat' dir='ltr'>qualis</span> <span class='ocrx_word' id='word_1_21' title='bbox 672 345 814 375; x_wconf 89' lang='lat' dir='ltr'>nexus</span> <span class='ocrx_word' id='word_1_22' title='bbox 848 348 940 376; x_wconf 89' lang='lat' dir='ltr'>non</span> <span class='ocrx_word' id='word_1_23' title='bbox 982 331 1262 375; x_wconf 82' lang='lat' dir='ltr'>desideretur</span> <span class='ocrx_word' id='word_1_24' title='bbox 1302 331 1419 384; x_wconf 89' lang='lat' dir='ltr'>inter</span> <span class='ocrx_word' id='word_1_25' title='bbox 1456 330 1659 379; x_wconf 84' lang='lat' dir='ltr'>Caelium</span> 
     </span>
     <span class='ocr_line' id='line_1_5' title="bbox 163 406 1655 464; baseline -0.002 -12"><span class='ocrx_word' id='word_1_26' title='bbox 163 408 389 461; x_wconf 77' lang='lat' dir='ltr'>Catullum</span> <span class='ocrx_word' id='word_1_27' title='bbox 419 406 627 455; x_wconf 78' lang='lat' dir='ltr'><strong>Lesbiam</strong></span> <span class='ocrx_word' id='word_1_28' title='bbox 659 406 715 450; x_wconf 89' lang='lat' dir='ltr'>de</span> <span class='ocrx_word' id='word_1_29' title='bbox 744 406 901 464; x_wconf 84' lang='lat' dir='ltr'>quibus</span> <span class='ocrx_word' id='word_1_30' title='bbox 932 408 979 451; x_wconf 91' lang='lat' dir='ltr'>in</span> <span class='ocrx_word' id='word_1_31' title='bbox 1010 422 1044 450; x_wconf 90' lang='lat' dir='ltr'>c.</span> <span class='ocrx_word' id='word_1_32' title='bbox 1075 406 1480 453; x_wconf 76' lang='lat' dir='ltr'><strong>LXXVII&#39;sermo</strong></span> <span class='ocrx_word' id='word_1_33' title='bbox 1514 407 1581 450; x_wconf 88' lang='lat' dir='ltr'>sit.</span> <span class='ocrx_word' id='word_1_34' title='bbox 1603 432 1655 440; x_wconf 91' lang='lat'>—-</span> 
     </span>
     <span class='ocr_line' id='line_1_6' title="bbox 158 480 1655 539; baseline -0.001 -14"><span class='ocrx_word' id='word_1_35' title='bbox 158 483 395 529; x_wconf 79' lang='lat' dir='ltr'>Praeterea</span> <span class='ocrx_word' id='word_1_36' title='bbox 426 480 656 524; x_wconf 77' lang='lat' dir='ltr'>contendit</span> <span class='ocrx_word' id='word_1_37' title='bbox 682 481 919 538; x_wconf 78' lang='lat' dir='ltr'>Bergkius·</span> <span class='ocrx_word' id='word_1_38' title='bbox 941 480 1111 524; x_wconf 85' lang='lat' dir='ltr'>etiamsi</span> <span class='ocrx_word' id='word_1_39' title='bbox 1133 480 1318 539; x_wconf 88' lang='lat' dir='ltr'>Hauptii</span> <span class='ocrx_word' id='word_1_40' title='bbox 1347 481 1403 524; x_wconf 92' lang='lat' dir='ltr'>de</span> <span class='ocrx_word' id='word_1_41' title='bbox 1434 488 1534 525; x_wconf 89' lang='lat' dir='ltr'>octo</span> <span class='ocrx_word' id='word_1_42' title='bbox 1565 481 1655 525; x_wconf 92' lang='lat' dir='ltr'>illis</span> 
     </span>
     <span class='ocr_line' id='line_1_7' title="bbox 158 554 1654 613; baseline -0.001 -14"><span class='ocrx_word' id='word_1_43' title='bbox 158 556 358 603; x_wconf 86' lang='lat' dir='ltr'>versibus</span> <span class='ocrx_word' id='word_1_44' title='bbox 407 569 642 601; x_wconf 88' lang='lat' dir='ltr'>numerum</span> <span class='ocrx_word' id='word_1_45' title='bbox 686 555 742 598; x_wconf 89' lang='lat'>60</span> <span class='ocrx_word' id='word_1_46' title='bbox 787 569 996 598; x_wconf 88' lang='lat' dir='ltr'>versuum</span> <span class='ocrx_word' id='word_1_47' title='bbox 1036 554 1346 612; x_wconf 87' lang='lat' dir='ltr'>superantibus</span> <span class='ocrx_word' id='word_1_48' title='bbox 1389 555 1654 613; x_wconf 83' lang='lat' dir='ltr'>probaretur</span> 
     </span>
     <span class='ocr_line' id='line_1_8' title="bbox 159 627 1723 691; baseline -0.002 -16"><span class='ocrx_word' id='word_1_49' title='bbox 159 636 337 691; x_wconf 85' lang='lat' dir='ltr'>praeter</span> <span class='ocrx_word' id='word_1_50' title='bbox 364 627 637 673; x_wconf 78' lang='lat' dir='ltr'>Lachmanni</span> <span class='ocrx_word' id='word_1_51' title='bbox 672 629 1062 688; x_wconf 77' lang='lat' dir='ltr'>transpositionem</span> <span class='ocrx_word' id='word_1_52' title='bbox 1095 629 1149 673; x_wconf 90' lang='lat' dir='ltr'>de</span> <span class='ocrx_word' id='word_1_53' title='bbox 1180 629 1266 674; x_wconf 81' lang='lat' dir='ltr'>alia</span> <span class='ocrx_word' id='word_1_54' title='bbox 1306 644 1482 688; x_wconf 87' lang='lat' dir='ltr'>quoque</span> <span class='ocrx_word' id='word_1_55' title='bbox 1520 643 1652 688; x_wconf 91' lang='lat' dir='ltr'>posse</span> <span class='ocrx_word' id='word_1_56' title='bbox 1712 651 1723 655; x_wconf 87' lang='lat'><em>-</em></span> 
     </span>
     <span class='ocr_line' id='line_1_9' title="bbox 159 703 483 763; baseline -0.012 -14"><span class='ocrx_word' id='word_1_57' title='bbox 159 703 345 763; x_wconf 82' lang='lat' dir='ltr'>cogitari</span> <span class='ocrx_word' id='word_1_58' title='bbox 375 703 483 746; x_wconf 87' lang='lat' dir='ltr'>hac:</span> 
     </span>
     <span class='ocr_line' id='line_1_10' title="bbox 273 776 1323 837; baseline 0.002 -17"><span class='ocrx_word' id='word_1_59' title='bbox 273 778 312 821; x_wconf 90' lang='lat'><strong>1.</strong></span> <span class='ocrx_word' id='word_1_60' title='bbox 343 777 389 822; x_wconf 90' lang='lat' dir='ltr'>in</span> <span class='ocrx_word' id='word_1_61' title='bbox 417 778 506 822; x_wconf 91' lang='lat' dir='ltr'>fine</span> <span class='ocrx_word' id='word_1_62' title='bbox 535 776 707 836; x_wconf 83' lang='lat' dir='ltr'>primae</span> <span class='ocrx_word' id='word_1_63' title='bbox 735 777 927 837; x_wconf 80' lang='lat' dir='ltr'>paginae</span> <span class='ocrx_word' id='word_1_64' title='bbox 962 779 1077 833; x_wconf 83' lang='lat'>(67):</span> <span class='ocrx_word' id='word_1_65' title='bbox 1108 777 1323 823; x_wconf 85' lang='lat' dir='ltr'><strong>LXXIV.</strong></span> 
     </span>
     <span class='ocr_line' id='line_1_11' title="bbox 272 848 1654 912; baseline -0.001 -17"><span class='ocrx_word' id='word_1_66' title='bbox 272 848 390 896; x_wconf 76' lang='lat' dir='ltr'>2.&#39;in</span> <span class='ocrx_word' id='word_1_67' title='bbox 425 853 564 896; x_wconf 83' lang='lat' dir='ltr'>altera</span> <span class='ocrx_word' id='word_1_68' title='bbox 595 867 698 911; x_wconf 85' lang='lat' dir='ltr'>pag.</span> <span class='ocrx_word' id='word_1_69' title='bbox 730 867 841 912; x_wconf 86' lang='lat' dir='ltr'>quae</span> <span class='ocrx_word' id='word_1_70' title='bbox 873 853 918 896; x_wconf 88' lang='lat' dir='ltr'>in</span> <span class='ocrx_word' id='word_1_71' title='bbox 951 853 1049 896; x_wconf 89' lang='lat' dir='ltr'>cod.</span> <span class='ocrx_word' id='word_1_72' title='bbox 1090 853 1208 896; x_wconf 87' lang='lat' dir='ltr'>arch.</span> <span class='ocrx_word' id='word_1_73' title='bbox 1242 853 1353 895; x_wconf 85' lang='lat' dir='ltr'>falso</span> <span class='ocrx_word' id='word_1_74' title='bbox 1396 857 1497 910; x_wconf 89' lang='lat' dir='ltr'>post</span> <span class='ocrx_word' id='word_1_75' title='bbox 1527 865 1654 907; x_wconf 86' lang='lat' dir='ltr'>quar-</span> 
     </span>
     <span class='ocr_line' id='line_1_12' title="bbox 343 917 1659 983; baseline -0.002 -13"><span class='ocrx_word' id='word_1_76' title='bbox 343 932 429 971; x_wconf 85' lang='lat' dir='ltr'>tam</span> <span class='ocrx_word' id='word_1_77' title='bbox 461 932 672 983; x_wconf 85' lang='lat' dir='ltr'>sequatur</span> <span class='ocrx_word' id='word_1_78' title='bbox 701 917 820 982; x_wconf 75' lang='lat'>(68)&#39;:</span> <span class='ocrx_word' id='word_1_79' title='bbox 849 927 1088 972; x_wconf 84' lang='lat' dir='ltr'><strong>LXXXII.</strong></span> <span class='ocrx_word' id='word_1_80' title='bbox 1105 925 1375 971; x_wconf 89' lang='lat' dir='ltr'><strong>LXXXIII.</strong></span> <span class='ocrx_word' id='word_1_81' title='bbox 1396 924 1659 970; x_wconf 88' lang='lat' dir='ltr'><strong>LXXXIV.</strong></span> 
     </span>
     <span class='ocr_line' id='line_1_13' title="bbox 343 1000 1658 1054; baseline -0.002 -9"><span class='ocrx_word' id='word_1_82' title='bbox 343 1000 579 1045; x_wconf 88' lang='lat' dir='ltr'><strong>LXXXV.</strong></span> <span class='ocrx_word' id='word_1_83' title='bbox 608 1001 869 1046; x_wconf 89' lang='lat' dir='ltr'><strong>LXXXVI.</strong></span> <span class='ocrx_word' id='word_1_84' title='bbox 900 1001 1187 1046; x_wconf 88' lang='lat' dir='ltr'><strong>LXXXVII.</strong></span> <span class='ocrx_word' id='word_1_85' title='bbox 1208 1001 1281 1054; x_wconf 85' lang='lat'>(30</span> <span class='ocrx_word' id='word_1_86' title='bbox 1298 1001 1372 1043; x_wconf 88' lang='lat' dir='ltr'>vel</span> <span class='ocrx_word' id='word_1_87' title='bbox 1393 1000 1449 1043; x_wconf 88' lang='lat'>34</span> <span class='ocrx_word' id='word_1_88' title='bbox 1468 1001 1658 1053; x_wconf 89' lang='lat' dir='ltr'>versus).</span> 
     </span>
     <span class='ocr_line' id='line_1_14' title="bbox 271 1072 1621 1134; baseline -0.001 -16"><span class='ocrx_word' id='word_1_89' title='bbox 271 1075 311 1119; x_wconf 86' lang='lat'><strong>3.</strong></span> <span class='ocrx_word' id='word_1_90' title='bbox 341 1076 388 1119; x_wconf 90' lang='lat' dir='ltr'>in</span> <span class='ocrx_word' id='word_1_91' title='bbox 419 1075 548 1120; x_wconf 91' lang='lat' dir='ltr'>tertia</span> <span class='ocrx_word' id='word_1_92' title='bbox 579 1091 681 1134; x_wconf 86' lang='lat' dir='ltr'><strong>pag.</strong></span> <span class='ocrx_word' id='word_1_93' title='bbox 712 1076 826 1131; x_wconf 83' lang='lat'>(69):</span> <span class='ocrx_word' id='word_1_94' title='bbox 859 1075 1048 1120; x_wconf 92' lang='lat' dir='ltr'><strong>LXXV.</strong></span> <span class='ocrx_word' id='word_1_95' title='bbox 1077 1075 1290 1121; x_wconf 92' lang='lat' dir='ltr'><strong>LXXVI.</strong></span> <span class='ocrx_word' id='word_1_96' title='bbox 1324 1076 1401 1132; x_wconf 85' lang='lat'>(30</span> <span class='ocrx_word' id='word_1_97' title='bbox 1431 1072 1621 1132; x_wconf 89' lang='lat' dir='ltr'>versus).</span> 
     </span>
     <span class='ocr_line' id='line_1_15' title="bbox 270 1147 1657 1208; baseline -0.001 -17"><span class='ocrx_word' id='word_1_98' title='bbox 270 1149 311 1192; x_wconf 94' lang='lat'>4.</span> <span class='ocrx_word' id='word_1_99' title='bbox 342 1148 388 1192; x_wconf 92' lang='lat' dir='ltr'>in</span> <span class='ocrx_word' id='word_1_100' title='bbox 423 1156 578 1208; x_wconf 85' lang='lat' dir='ltr'>quarta</span> <span class='ocrx_word' id='word_1_101' title='bbox 603 1166 706 1208; x_wconf 87' lang='lat' dir='ltr'>pag.</span> <span class='ocrx_word' id='word_1_102' title='bbox 741 1152 858 1206; x_wconf 84' lang='lat'>(70):</span> <span class='ocrx_word' id='word_1_103' title='bbox 888 1151 1127 1195; x_wconf 90' lang='lat' dir='ltr'><strong>LXXVII.</strong></span> <span class='ocrx_word' id='word_1_104' title='bbox 1146 1150 1414 1194; x_wconf 90' lang='lat' dir='ltr'><strong>LXXVIII.</strong></span> <span class='ocrx_word' id='word_1_105' title='bbox 1441 1147 1657 1193; x_wconf 91' lang='lat' dir='ltr'><strong>LXXIX.</strong></span> 
     </span>
     <span class='ocr_line' id='line_1_16' title="bbox 342 1222 1281 1279; baseline 0.002 -12"><span class='ocrx_word' id='word_1_106' title='bbox 342 1222 531 1269; x_wconf 92' lang='lat' dir='ltr'><strong>LXXX.</strong></span> <span class='ocrx_word' id='word_1_107' title='bbox 563 1223 775 1268; x_wconf 89' lang='lat' dir='ltr'><strong>LXXXI.</strong></span> <span class='ocrx_word' id='word_1_108' title='bbox 807 1225 882 1279; x_wconf 90' lang='lat'>(30</span> <span class='ocrx_word' id='word_1_109' title='bbox 909 1224 984 1279; x_wconf 84' lang='lat' dir='ltr'>vel</span> <span class='ocrx_word' id='word_1_110' title='bbox 1010 1223 1067 1267; x_wconf 85' lang='lat'>34</span> <span class='ocrx_word' id='word_1_111' title='bbox 1094 1225 1281 1278; x_wconf 89' lang='lat' dir='ltr'>versus).</span> 
     </span>
     <span class='ocr_line' id='line_1_17' title="bbox 272 1290 1318 1357; baseline 0.001 -17"><span class='ocrx_word' id='word_1_112' title='bbox 272 1298 312 1341; x_wconf 82' lang='lat'><strong>5.</strong></span> <span class='ocrx_word' id='word_1_113' title='bbox 343 1297 390 1340; x_wconf 91' lang='lat' dir='ltr'>in</span> <span class='ocrx_word' id='word_1_114' title='bbox 422 1297 574 1354; x_wconf 89' lang='lat' dir='ltr'>quinta</span> <span class='ocrx_word' id='word_1_115' title='bbox 601 1313 703 1356; x_wconf 87' lang='lat' dir='ltr'><strong>pag.</strong></span> <span class='ocrx_word' id='word_1_116' title='bbox 737 1297 1037 1343; x_wconf 88' lang='lat' dir='ltr'><strong>LXXXVIII</strong></span> <span class='ocrx_word' id='word_1_117' title='bbox 1067 1315 1163 1357; x_wconf 89' lang='lat' dir='ltr'><strong>sqq.</strong></span> <span class='ocrx_word' id='word_1_118' title='bbox 1316 1290 1318 1292; x_wconf 33' lang='lat'>¹</span> 
     </span>
     <span class='ocr_line' id='line_1_18' title="bbox 270 1370 1655 1431; baseline -0.001 -17"><span class='ocrx_word' id='word_1_119' title='bbox 270 1370 445 1415; x_wconf 84' lang='lat' dir='ltr'>Iudicat</span> <span class='ocrx_word' id='word_1_120' title='bbox 468 1372 605 1430; x_wconf 88' lang='lat' dir='ltr'>igitur</span> <span class='ocrx_word' id='word_1_121' title='bbox 636 1371 861 1431; x_wconf 87' lang='lat' dir='ltr'>Bergkius</span> <span class='ocrx_word' id='word_1_122' title='bbox 892 1372 1097 1419; x_wconf 84' lang='lat' dir='ltr'>carminis</span> <span class='ocrx_word' id='word_1_123' title='bbox 1117 1372 1346 1417; x_wconf 89' lang='lat' dir='ltr'><strong>LXXXII</strong></span> <span class='ocrx_word' id='word_1_124' title='bbox 1373 1386 1531 1416; x_wconf 66' lang='lat' dir='ltr'>,versus</span> <span class='ocrx_word' id='word_1_125' title='bbox 1564 1370 1655 1413; x_wconf 80' lang='lat'><strong>1.2.</strong></span> 
     </span>
     <span class='ocr_line' id='line_1_19' title="bbox 157 1445 1655 1505; baseline 0 -16"><span class='ocrx_word' id='word_1_126' title='bbox 157 1445 343 1489; x_wconf 85' lang='lat' dir='ltr'>omissos</span> <span class='ocrx_word' id='word_1_127' title='bbox 375 1460 472 1489; x_wconf 90' lang='lat' dir='ltr'>esse</span> <span class='ocrx_word' id='word_1_128' title='bbox 503 1446 646 1505; x_wconf 89' lang='lat' dir='ltr'>primo</span> <span class='ocrx_word' id='word_1_129' title='bbox 673 1446 834 1489; x_wconf 85' lang='lat' dir='ltr'>deinde</span> <span class='ocrx_word' id='word_1_130' title='bbox 865 1446 912 1491; x_wconf 92' lang='lat' dir='ltr'>in</span> <span class='ocrx_word' id='word_1_131' title='bbox 940 1463 1110 1490; x_wconf 88' lang='lat' dir='ltr'>summa</span> <span class='ocrx_word' id='word_1_132' title='bbox 1135 1446 1337 1505; x_wconf 84' lang='lat' dir='ltr'>margine</span> <span class='ocrx_word' id='word_1_133' title='bbox 1370 1445 1559 1505; x_wconf 84' lang='lat' dir='ltr'>paginae</span> <span class='ocrx_word' id='word_1_134' title='bbox 1592 1445 1655 1489; x_wconf 92' lang='lat' dir='ltr'>in-</span> 
     </span>
     <span class='ocr_line' id='line_1_20' title="bbox 157 1520 1657 1578; baseline 0.001 -16"><span class='ocrx_word' id='word_1_135' title='bbox 157 1520 386 1577; x_wconf 88' lang='lat' dir='ltr'>sequentis</span> <span class='ocrx_word' id='word_1_136' title='bbox 423 1521 592 1578; x_wconf 90' lang='lat' dir='ltr'>positos</span> <span class='ocrx_word' id='word_1_137' title='bbox 638 1536 755 1577; x_wconf 89' lang='lat' dir='ltr'>esse;</span> <span class='ocrx_word' id='word_1_138' title='bbox 802 1522 881 1565; x_wconf 82' lang='lat' dir='ltr'>sed</span> <span class='ocrx_word' id='word_1_139' title='bbox 924 1521 998 1564; x_wconf 89' lang='lat' dir='ltr'>hic</span> <span class='ocrx_word' id='word_1_140' title='bbox 1049 1537 1138 1565; x_wconf 91' lang='lat' dir='ltr'>non</span> <span class='ocrx_word' id='word_1_141' title='bbox 1176 1520 1381 1565; x_wconf 83' lang='lat' dir='ltr'>videmus</span> <span class='ocrx_word' id='word_1_142' title='bbox 1426 1526 1657 1564; x_wconf 84' lang='lat' dir='ltr'>externam</span> 
     </span>
     <span class='ocr_line' id='line_1_21' title="bbox 157 1593 1689 1654; baseline 0.001 -18"><span class='ocrx_word' id='word_1_143' title='bbox 157 1593 403 1650; x_wconf 87' lang='lat' dir='ltr'>quandam,</span> <span class='ocrx_word' id='word_1_144' title='bbox 446 1600 495 1636; x_wconf 89' lang='lat' dir='ltr'>ut</span> <span class='ocrx_word' id='word_1_145' title='bbox 539 1594 599 1637; x_wconf 88' lang='lat' dir='ltr'>ita</span> <span class='ocrx_word' id='word_1_146' title='bbox 644 1595 815 1651; x_wconf 87' lang='lat' dir='ltr'>dicam,</span> <span class='ocrx_word' id='word_1_147' title='bbox 859 1611 1035 1638; x_wconf 87' lang='lat' dir='ltr'>causam</span> <span class='ocrx_word' id='word_1_148' title='bbox 1081 1612 1164 1653; x_wconf 90' lang='lat' dir='ltr'>qua</span> <span class='ocrx_word' id='word_1_149' title='bbox 1207 1596 1421 1654; x_wconf 90' lang='lat' dir='ltr'>deceptus</span> <span class='ocrx_word' id='word_1_150' title='bbox 1464 1594 1689 1652; x_wconf 21' lang='lat' dir='ltr'>potuerit-</span> 
     </span>
     <span class='ocr_line' id='line_1_22' title="bbox 156 1663 1655 1729; baseline 0.001 -19"><span class='ocrx_word' id='word_1_151' title='bbox 156 1666 364 1712; x_wconf 87' lang='lat' dir='ltr'>librarius</span> <span class='ocrx_word' id='word_1_152' title='bbox 398 1668 602 1712; x_wconf 87' lang='lat' dir='ltr'>omittere</span> <span class='ocrx_word' id='word_1_153' title='bbox 646 1663 770 1713; x_wconf 79' lang='lat' dir='ltr'>illud&#39;</span> <span class='ocrx_word' id='word_1_154' title='bbox 806 1670 1000 1729; x_wconf 85' lang='lat' dir='ltr'>primum</span> <span class='ocrx_word' id='word_1_155' title='bbox 1030 1669 1283 1725; x_wconf 79' lang='lat' dir='ltr'>distichum,</span> <span class='ocrx_word' id='word_1_156' title='bbox 1330 1683 1442 1727; x_wconf 84' lang='lat' dir='ltr'>quae</span> <span class='ocrx_word' id='word_1_157' title='bbox 1487 1669 1535 1713; x_wconf 90' lang='lat' dir='ltr'>in</span> <span class='ocrx_word' id='word_1_158' title='bbox 1578 1668 1655 1712; x_wconf 82' lang='lat' dir='ltr'>tali</span> 
     </span>
     <span class='ocr_line' id='line_1_23' title="bbox 155 1743 1657 1801; baseline 0 -16"><span class='ocrx_word' id='word_1_159' title='bbox 155 1756 305 1785; x_wconf 88' lang='lat' dir='ltr'>rerum</span> <span class='ocrx_word' id='word_1_160' title='bbox 348 1743 616 1787; x_wconf 88' lang='lat' dir='ltr'>obscuritate</span> <span class='ocrx_word' id='word_1_161' title='bbox 658 1744 902 1787; x_wconf 86' lang='lat' dir='ltr'>desiderari</span> <span class='ocrx_word' id='word_1_162' title='bbox 941 1745 1037 1788; x_wconf 89' lang='lat' dir='ltr'>iure</span> <span class='ocrx_word' id='word_1_163' title='bbox 1083 1745 1216 1800; x_wconf 83' lang='lat' dir='ltr'>solet3</span> <span class='ocrx_word' id='word_1_164' title='bbox 1259 1744 1377 1801; x_wconf 90' lang='lat' dir='ltr'>quod</span> <span class='ocrx_word' id='word_1_165' title='bbox 1418 1760 1508 1788; x_wconf 91' lang='lat' dir='ltr'>non</span> <span class='ocrx_word' id='word_1_166' title='bbox 1539 1743 1657 1786; x_wconf 87' lang='lat' dir='ltr'>cadit</span> 
     </span>
     <span class='ocr_line' id='line_1_24' title="bbox 155 1815 1652 1878; baseline 0.002 -20"><span class='ocrx_word' id='word_1_167' title='bbox 155 1815 199 1859; x_wconf 88' lang='lat' dir='ltr'>in</span> <span class='ocrx_word' id='word_1_168' title='bbox 230 1816 488 1877; x_wconf 89' lang='lat' dir='ltr'>Hauptium,</span> <span class='ocrx_word' id='word_1_169' title='bbox 518 1835 617 1862; x_wconf 89' lang='lat' dir='ltr'>nam</span> <span class='ocrx_word' id='word_1_170' title='bbox 652 1820 747 1863; x_wconf 91' lang='lat' dir='ltr'>sine</span> <span class='ocrx_word' id='word_1_171' title='bbox 779 1819 912 1863; x_wconf 76' lang='lat' dir='ltr'>(lubio</span> <span class='ocrx_word' id='word_1_172' title='bbox 943 1818 1074 1863; x_wconf 89' lang='lat' dir='ltr'>facile</span> <span class='ocrx_word' id='word_1_173' title='bbox 1109 1819 1252 1878; x_wconf 87' lang='lat' dir='ltr'>potuit</span> <span class='ocrx_word' id='word_1_174' title='bbox 1283 1819 1490 1863; x_wconf 87' lang='lat' dir='ltr'>accidere</span> <span class='ocrx_word' id='word_1_175' title='bbox 1521 1824 1570 1862; x_wconf 90' lang='lat' dir='ltr'>ut</span> <span class='ocrx_word' id='word_1_176' title='bbox 1599 1817 1652 1861; x_wconf 91' lang='lat' dir='ltr'>li-</span> 
     </span>
     <span class='ocr_line' id='line_1_25' title="bbox 156 1893 1654 1940; baseline 0 -3"><span class='ocrx_word' id='word_1_177' title='bbox 156 1894 325 1939; x_wconf 90' lang='lat' dir='ltr'>brarius</span> <span class='ocrx_word' id='word_1_178' title='bbox 357 1896 546 1939; x_wconf 86' lang='lat' dir='ltr'>alterum</span> <span class='ocrx_word' id='word_1_179' title='bbox 579 1896 651 1940; x_wconf 83' lang='lat' dir='ltr'>vel</span> <span class='ocrx_word' id='word_1_180' title='bbox 680 1896 859 1939; x_wconf 86' lang='lat' dir='ltr'>tertium</span> <span class='ocrx_word' id='word_1_181' title='bbox 892 1893 1098 1938; x_wconf 82' lang='lat' dir='ltr'>carminis</span> <span class='ocrx_word' id='word_1_182' title='bbox 1141 1894 1387 1938; x_wconf 91' lang='lat' dir='ltr'><strong>LXXVIII</strong></span> <span class='ocrx_word' id='word_1_183' title='bbox 1420 1893 1654 1938; x_wconf 85' lang='lat' dir='ltr'>distichum</span> 
     </span>
     <span class='ocr_line' id='line_1_26' title="bbox 156 1969 394 2014; baseline 0.013 -3"><span class='ocrx_word' id='word_1_184' title='bbox 156 1969 394 2014; x_wconf 87' lang='lat' dir='ltr'>omitteret.</span> 
     </span>
     <span class='ocr_line' id='line_1_27' title="bbox 268 2042 1684 2104; baseline -0.003 -15"><span class='ocrx_word' id='word_1_185' title='bbox 268 2044 361 2090; x_wconf 86' lang='lat' dir='ltr'>Sed</span> <span class='ocrx_word' id='word_1_186' title='bbox 393 2045 530 2088; x_wconf 89' lang='lat' dir='ltr'>miror</span> <span class='ocrx_word' id='word_1_187' title='bbox 561 2060 641 2088; x_wconf 90' lang='lat' dir='ltr'>cur</span> <span class='ocrx_word' id='word_1_188' title='bbox 687 2044 911 2103; x_wconf 84' lang='lat' dir='ltr'>Hauptius</span> <span class='ocrx_word' id='word_1_189' title='bbox 944 2049 1120 2104; x_wconf 88' lang='lat' dir='ltr'>praeter</span> <span class='ocrx_word' id='word_1_190' title='bbox 1152 2043 1253 2086; x_wconf 88' lang='lat' dir='ltr'>illas</span> <span class='ocrx_word' id='word_1_191' title='bbox 1285 2042 1653 2102; x_wconf 86' lang='lat' dir='ltr'>transpositiones</span> <span class='ocrx_word' id='word_1_192' title='bbox 1680 2089 1684 2093; x_wconf 48' lang='lat'><strong>.</strong></span> 
     </span>
     <span class='ocr_line' id='line_1_28' title="bbox 157 2116 1655 2180; baseline 0 -20"><span class='ocrx_word' id='word_1_193' title='bbox 157 2116 212 2161; x_wconf 88' lang='lat' dir='ltr'>dc</span> <span class='ocrx_word' id='word_1_194' title='bbox 245 2118 403 2175; x_wconf 88' lang='lat' dir='ltr'>quibus</span> <span class='ocrx_word' id='word_1_195' title='bbox 435 2119 627 2163; x_wconf 89' lang='lat' dir='ltr'>dubitari</span> <span class='ocrx_word' id='word_1_196' title='bbox 653 2120 825 2177; x_wconf 85' lang='lat' dir='ltr'>nequit,</span> <span class='ocrx_word' id='word_1_197' title='bbox 852 2118 1094 2174; x_wconf 89' lang='lat' dir='ltr'><strong>(LXXVII</strong></span> <span class='ocrx_word' id='word_1_198' title='bbox 1112 2118 1252 2180; x_wconf 82' lang='grc'><strong>7-10</strong></span> <span class='ocrx_word' id='word_1_199' title='bbox 1281 2117 1525 2167; x_wconf 87' lang='lat' dir='ltr'><strong>LXXXIV</strong></span> <span class='ocrx_word' id='word_1_200' title='bbox 1541 2118 1580 2160; x_wconf 88' lang='lat'><strong>3.</strong></span> <span class='ocrx_word' id='word_1_201' title='bbox 1598 2117 1655 2170; x_wconf 86' lang='lat'><strong>4.)</strong></span> 
     </span>
     <span class='ocr_line' id='line_1_29' title="bbox 154 2192 1655 2253; baseline 0 -20"><span class='ocrx_word' id='word_1_202' title='bbox 154 2192 329 2237; x_wconf 85' lang='lat' dir='ltr'>tertiam</span> <span class='ocrx_word' id='word_1_203' title='bbox 365 2193 749 2253; x_wconf 84' lang='lat' dir='ltr'>circumspexerit,</span> <span class='ocrx_word' id='word_1_204' title='bbox 768 2209 917 2237; x_wconf 89' lang='lat' dir='ltr'>nonne</span> <span class='ocrx_word' id='word_1_205' title='bbox 946 2192 1273 2252; x_wconf 88' lang='lat' dir='ltr'>simplicissime</span> <span class='ocrx_word' id='word_1_206' title='bbox 1304 2207 1399 2236; x_wconf 91' lang='lat' dir='ltr'>rem</span> <span class='ocrx_word' id='word_1_207' title='bbox 1423 2192 1655 2235; x_wconf 88' lang='lat' dir='ltr'>absolvere</span> 
     </span>
     <span class='ocr_line' id='line_1_30' title="bbox 154 2266 1656 2326; baseline -0.001 -17"><span class='ocrx_word' id='word_1_208' title='bbox 154 2280 388 2324; x_wconf 86' lang='lat' dir='ltr'>possumus</span> <span class='ocrx_word' id='word_1_209' title='bbox 419 2268 455 2311; x_wconf 89' lang='lat' dir='ltr'>si</span> <span class='ocrx_word' id='word_1_210' title='bbox 485 2268 733 2312; x_wconf 79' lang='lat' dir='ltr'>iudicamus</span> <span class='ocrx_word' id='word_1_211' title='bbox 757 2283 847 2312; x_wconf 89' lang='lat' dir='ltr'>non</span> <span class='ocrx_word' id='word_1_212' title='bbox 871 2274 1080 2326; x_wconf 87' lang='lat' dir='ltr'>quattuor</span> <span class='ocrx_word' id='word_1_213' title='bbox 1106 2267 1207 2310; x_wconf 89' lang='lat' dir='ltr'>illos</span> <span class='ocrx_word' id='word_1_214' title='bbox 1240 2281 1396 2311; x_wconf 87' lang='lat' dir='ltr'>versus</span> <span class='ocrx_word' id='word_1_215' title='bbox 1425 2266 1656 2311; x_wconf 91' lang='lat' dir='ltr'><strong>LXXVII</strong></span> 
     </span>
     <span class='ocr_line' id='line_1_31' title="bbox 154 2340 1655 2401; baseline 0.001 -19"><span class='ocrx_word' id='word_1_216' title='bbox 154 2340 295 2385; x_wconf 72' lang='lat'>7—10</span> <span class='ocrx_word' id='word_1_217' title='bbox 312 2342 394 2386; x_wconf 86' lang='lat' dir='ltr'>sed</span> <span class='ocrx_word' id='word_1_218' title='bbox 425 2357 507 2386; x_wconf 81' lang='lat' dir='ltr'>sex</span> <span class='ocrx_word' id='word_1_219' title='bbox 534 2342 635 2387; x_wconf 92' lang='lat' dir='ltr'>illos</span> <span class='ocrx_word' id='word_1_220' title='bbox 654 2357 812 2387; x_wconf 85' lang='lat' dir='ltr'>versus</span> <span class='ocrx_word' id='word_1_221' title='bbox 846 2342 1003 2401; x_wconf 88' lang='lat' dir='ltr'>quibus</span> <span class='ocrx_word' id='word_1_222' title='bbox 1036 2348 1210 2385; x_wconf 88' lang='lat' dir='ltr'>constet</span> <span class='ocrx_word' id='word_1_223' title='bbox 1241 2356 1373 2385; x_wconf 87' lang='lat' dir='ltr'>carm.</span> <span class='ocrx_word' id='word_1_224' title='bbox 1405 2340 1655 2384; x_wconf 91' lang='lat' dir='ltr'><strong>LXXVIII</strong></span> 
     </span>
     <span class='ocr_line' id='line_1_32' title="bbox 153 2414 1653 2475; baseline 0.001 -19"><span class='ocrx_word' id='word_1_225' title='bbox 153 2415 299 2470; x_wconf 86' lang='lat' dir='ltr'>primo</span> <span class='ocrx_word' id='word_1_226' title='bbox 328 2417 513 2461; x_wconf 90' lang='lat' dir='ltr'>omissos</span> <span class='ocrx_word' id='word_1_227' title='bbox 534 2417 698 2462; x_wconf 88' lang='lat' dir='ltr'>deinde</span> <span class='ocrx_word' id='word_1_228' title='bbox 729 2418 776 2460; x_wconf 90' lang='lat' dir='ltr'>in</span> <span class='ocrx_word' id='word_1_229' title='bbox 807 2417 1010 2474; x_wconf 89' lang='lat' dir='ltr'>margine</span> <span class='ocrx_word' id='word_1_230' title='bbox 1039 2416 1206 2475; x_wconf 88' lang='lat' dir='ltr'>positos</span> <span class='ocrx_word' id='word_1_231' title='bbox 1238 2429 1336 2458; x_wconf 89' lang='lat' dir='ltr'>esse</span> <span class='ocrx_word' id='word_1_232' title='bbox 1367 2414 1491 2457; x_wconf 84' lang='lat' dir='ltr'>iuxta</span> <span class='ocrx_word' id='word_1_233' title='bbox 1521 2430 1653 2458; x_wconf 80' lang='lat' dir='ltr'>carm.</span> 
     </span>
     <span class='ocr_line' id='line_1_33' title="bbox 152 2487 1653 2552; baseline -0.003 -17"><span class='ocrx_word' id='word_1_234' title='bbox 152 2487 380 2536; x_wconf 86' lang='lat' dir='ltr'><strong>LXXVII</strong></span> <span class='ocrx_word' id='word_1_235' title='bbox 412 2509 453 2536; x_wconf 77' lang='lat' dir='ltr'>v,</span> <span class='ocrx_word' id='word_1_236' title='bbox 488 2493 511 2535; x_wconf 82' lang='lat'>7</span> <span class='ocrx_word' id='word_1_237' title='bbox 540 2493 673 2552; x_wconf 70' lang='lat' dir='ltr'><strong>sqq.?</strong></span> <span class='ocrx_word' id='word_1_238' title='bbox 721 2492 853 2547; x_wconf 81' lang='lat' dir='ltr'>Quod</span> <span class='ocrx_word' id='word_1_239' title='bbox 885 2492 923 2534; x_wconf 90' lang='lat' dir='ltr'>si</span> <span class='ocrx_word' id='word_1_240' title='bbox 959 2492 1188 2536; x_wconf 87' lang='lat' dir='ltr'>statuimus</span> <span class='ocrx_word' id='word_1_241' title='bbox 1218 2490 1357 2533; x_wconf 90' lang='lat' dir='ltr'>multo</span> <span class='ocrx_word' id='word_1_242' title='bbox 1405 2503 1511 2532; x_wconf 86' lang='lat' dir='ltr'>sane</span> <span class='ocrx_word' id='word_1_243' title='bbox 1553 2504 1653 2548; x_wconf 90' lang='lat' dir='ltr'>pro-</span> 
     </span>
     <span class='ocr_line' id='line_1_34' title="bbox 153 2561 1656 2625; baseline 0.001 -20"><span class='ocrx_word' id='word_1_244' title='bbox 153 2561 342 2610; x_wconf 85' lang='lat' dir='ltr'>babilior</span> <span class='ocrx_word' id='word_1_245' title='bbox 374 2573 441 2611; x_wconf 87' lang='lat' dir='ltr'>est</span> <span class='ocrx_word' id='word_1_246' title='bbox 467 2567 741 2611; x_wconf 83' lang='lat' dir='ltr'>Lachmanni</span> <span class='ocrx_word' id='word_1_247' title='bbox 772 2565 1055 2625; x_wconf 83' lang='lat' dir='ltr'>transpositio</span> <span class='ocrx_word' id='word_1_248' title='bbox 1090 2582 1221 2624; x_wconf 91' lang='lat' dir='ltr'>quam</span> <span class='ocrx_word' id='word_1_249' title='bbox 1252 2563 1465 2622; x_wconf 72' lang='lat' dir='ltr'>Bergkii:</span> <span class='ocrx_word' id='word_1_250' title='bbox 1502 2562 1548 2607; x_wconf 91' lang='lat' dir='ltr'>in</span> <span class='ocrx_word' id='word_1_251' title='bbox 1578 2563 1656 2607; x_wconf 87' lang='lat' dir='ltr'>illa</span> 
     </span>
     <span class='ocr_line' id='line_1_35' title="bbox 152 2635 1655 2699; baseline 0.001 -19"><span class='ocrx_word' id='word_1_252' title='bbox 152 2635 291 2693; x_wconf 81' lang='lat' dir='ltr'>igitur</span> <span class='ocrx_word' id='word_1_253' title='bbox 321 2640 662 2698; x_wconf 89' lang='lat' dir='ltr'>acquiescamus.</span> <span class='ocrx_word' id='word_1_254' title='bbox 739 2641 854 2685; x_wconf 90' lang='lat' dir='ltr'>Nam</span> <span class='ocrx_word' id='word_1_255' title='bbox 888 2639 1007 2697; x_wconf 89' lang='lat' dir='ltr'>quod</span> <span class='ocrx_word' id='word_1_256' title='bbox 1039 2646 1264 2699; x_wconf 88' lang='lat' dir='ltr'>postremo</span> <span class='ocrx_word' id='word_1_257' title='bbox 1309 2638 1356 2682; x_wconf 92' lang='lat' dir='ltr'>in</span> <span class='ocrx_word' id='word_1_258' title='bbox 1394 2638 1655 2682; x_wconf 86' lang='lat' dir='ltr'>universum</span> 
     </span>
     <span class='ocr_line' id='line_1_36' title="bbox 152 2708 1653 2774; baseline 0.001 -19"><span class='ocrx_word' id='word_1_259' title='bbox 152 2708 387 2771; x_wconf 84' lang='lat' dir='ltr'>impugnat</span> <span class='ocrx_word' id='word_1_260' title='bbox 421 2714 646 2774; x_wconf 81' lang='lat' dir='ltr'>Bergkius</span> <span class='ocrx_word' id='word_1_261' title='bbox 677 2714 948 2761; x_wconf 83' lang='lat' dir='ltr'>Lachmanni</span> <span class='ocrx_word' id='word_1_262' title='bbox 981 2714 1036 2758; x_wconf 88' lang='lat' dir='ltr'>de</span> <span class='ocrx_word' id='word_1_263' title='bbox 1066 2713 1245 2759; x_wconf 86' lang='lat' dir='ltr'>tricenis</span> <span class='ocrx_word' id='word_1_264' title='bbox 1260 2713 1463 2758; x_wconf 86' lang='lat' dir='ltr'>versibus</span> <span class='ocrx_word' id='word_1_265' title='bbox 1493 2712 1540 2756; x_wconf 91' lang='lat' dir='ltr'>in</span> <span class='ocrx_word' id='word_1_266' title='bbox 1568 2711 1653 2757; x_wconf 89' lang='lat' dir='ltr'>sin-</span> 
     </span>
    </p>
   </div>
  </div>
 </body>
</html>
