1848 2944
838 94 840 96 .
920 51 980 105 43

196 213 200 217 ·
270 205 274 210 ’
313 187 554 246 Reliquum
583 193 651 231 est
685 178 737 230 ut
764 183 817 230 ea
850 185 1045 230 carmina
1085 185 1223 243 partis
1251 186 1459 242 alterius,
1502 200 1615 243 quae
1646 186 1702 229 ad

200 261 410 310 Lesbiam
443 268 545 306 sunt
583 260 834 318 referenda,
872 260 920 304 in
960 258 1089 303 illum
1130 259 1335 304 ordinem
1373 275 1506 319 quem
1540 260 1701 304 hucus-

200 348 286 396 que
303 335 494 396 probare
510 334 759 379 studuimus
775 334 1035 379 inseramus.
1057 333 1262 378 Vidimus
1281 350 1414 395 supra
1433 335 1496 393 (p.
1512 334 1700 391 13—15)

201 415 246 454 et
276 424 456 454 carmen
487 408 707 454 LXVIII·
737 414 783 454 et
813 425 946 454 carm.
975 408 1202 454 LXVIIIb
1235 408 1396 469 scripta
1431 424 1526 454 esse
1568 408 1700 468 paulo

200 489 302 543 post
333 483 481 527 fratris
508 483 675 528 Catulli
694 489 896 537 mortem,
928 482 1008 526 sed
1028 496 1209 525 carmen
1228 481 1457 527 LXVIII²
1483 482 1562 526 tali
1590 488 1701 526 tem-

200 573 310 617 pore
352 573 439 615 quo
481 557 637 602 dolore
676 556 733 601 de
772 557 922 601 fratris
960 563 1103 600 morte
1146 562 1391 600 commotus
1436 556 1701 600 discesserat

201 638 335 690 poeta
367 648 393 675 a
420 632 606 689 Lesbia,
646 647 683 676 c.
717 630 939 676 LXVIIIb
968 630 1047 674 tali
1088 645 1175 688 quo
1216 629 1544 688 redintegrarat
1587 630 1703 673 hanc

201 704 567 767 consuetedincm
599 719 697 748 cum
730 703 912 761 Lesbia3
956 703 1035 747 illo
1080 703 1219 762 igitur
1253 709 1457 761 tempore
1489 702 1608 760 quod
1638 702 1702 745 in-

199 777 402 823 tercessit
442 778 560 821 inter
597 784 835 837 utrumque
877 792 1058 822 carmen
1091 777 1256 821 Lesbia
1293 792 1393 820 cum
1439 775 1617 821 Catullo
1656 776 1703 820 in

201 852 394 910 gratiam
424 852 633 896 redierat.
670 851 774 897 Non
809 852 966 911 procul
1001 852 1141 909 igitur
1182 852 1309 902 abest
1341 857 1390 895 ut
1426 850 1705 910 suspicemur

199 926 314 971 hanc
342 941 518 987 quoque
547 926 959 972 reconciliationem
990 926 1176 970 eandem
1211 940 1309 970 esse
1345 932 1478 983 atque
1517 940 1613 969 eam
1646 924 1703 969 de

200 1018 285 1061 qua
313 1002 461 1059 agitur
490 1001 757 1045 carminibus
789 1000 928 1047 CVII
953 1000 1075 1046 CIX.
1138 1000 1190 1045 Si
1220 1000 1336 1045 enim
1368 999 1701 1044 meminerimus

201 1075 349 1135 qualia
381 1075 428 1120 in
460 1075 668 1120 Lesbiam
700 1075 886 1119 crimina
915 1075 1156 1119 coniecerit
1177 1075 1378 1120 Catullus
1411 1074 1474 1119 eis
1501 1074 1701 1118 carmini-

200 1149 284 1193 bus
312 1164 425 1208 quae
454 1155 555 1193 ante
587 1165 625 1201 c.
656 1148 791 1194 CVII
821 1154 924 1193 sunt
947 1148 1116 1208 scripta
1145 1154 1330 1207 apparet
1372 1163 1557 1207 prorsus
1601 1162 1701 1192 ean-

201 1222 303 1267 dem
335 1237 434 1267 esse
463 1223 551 1266 vim
581 1223 783 1267 versibus
808 1222 877 1267 28.
892 1223 948 1267 29
981 1222 1188 1267 carminis
1213 1222 1437 1267 LXVIIP
1465 1222 1601 1281 ‘quod
1628 1222 1702 1266 hic

198 1296 375 1356 quivis
408 1297 464 1340 de
496 1297 712 1340 meliore
728 1302 830 1340 nota
845 1296 1031 1354 Frigida
1047 1297 1223 1340 deserto
1240 1298 1483 1354 tepefactet
1500 1297 1700 1340 membra

197 1370 358 1416 cubili’.
389 1371 542 1427 Qualis
574 1386 679 1415 vero
702 1371 779 1415 illa
809 1386 910 1428 cum
940 1370 1102 1415 Lesbia
1128 1370 1403 1414 consuetudo
1433 1369 1570 1414 fuerit
1596 1376 1700 1429 post

194 1444 319 1488 illam
348 1445 770 1501 reconciliationem,
802 1460 933 1503 quam
964 1450 1168 1506 spectant
1197 1444 1391 1489 carmina
1425 1444 1561 1490 CVII
1591 1443 1701 1489 CIX

195 1517 328 1562 facile
359 1518 634 1562 concludere
673 1534 908 1578 possumus
937 1532 995 1562 ex
1028 1517 1093 1562 eis
1133 1518 1407 1563 carminibus
1453 1533 1565 1575 quac
1600 1523 1702 1561 ante

196 1608 231 1637 c.
264 1592 399 1637 CVII
431 1592 594 1651 scripta
624 1599 739 1650 sunt,
770 1600 819 1637 ut
848 1593 930 1637 hac
962 1608 1139 1653 quoque
1169 1608 1218 1637 re
1250 1599 1457 1651 respecta
1476 1599 1580 1653 post
1607 1609 1701 1636 car-

200 1662 329 1710 mina
352 1666 497 1724 CVII,
532 1667 640 1712 CIX
674 1667 888 1728 seriptum
920 1667 1125 1712 videatur
1163 1682 1258 1711 esse
1294 1683 1428 1712 carm.
1466 1662 1702 1722 LXVIIP,

195 1756 304 1784 nam
333 1746 384 1784 ut
411 1741 497 1785 iam
526 1757 659 1800 supra
691 1742 941 1786 monuimus
971 1741 1035 1801 (p.
1057 1742 1131 1800 12)
1170 1742 1256 1785 hoc
1299 1755 1480 1785 carmen
1519 1741 1702 1785 minime

195 1820 380 1860 testatur
421 1815 585 1859 laetam
624 1815 740 1860 inter
790 1815 997 1860 Lesbiam
1048 1815 1366 1874 Catullumque
1415 1814 1701 1861 concordiam

195 1888 249 1932 cf.
278 1904 320 1933 v,
354 1888 435 1932 135
467 1903 583 1947 sqq.2

334 1964 459 2019 Quae
488 1970 638 2008 tamen
667 1964 750 2009 etsi
781 1979 871 2008 uno
904 1979 996 2008 non
1030 1971 1100 2010 est
1129 1970 1342 2009 contenta
1375 1964 1565 2020 Catullo,

391 2038 508 2083 Rara
535 2039 816 2083 verecundae
847 2039 965 2082 furta
995 2039 1189 2082 feremus
1222 2054 1339 2096 erae,

328 2112 399 2157 Ne
428 2113 614 2158 nimium
646 2100 781 2158 simus
813 2113 1049 2158 stultorum
1081 2128 1206 2158 more
1232 2113 1421 2158 molesti.

194 2187 265 2231 Ita
301 2186 421 2230 enim
458 2187 581 2246 loqui
621 2187 846 2232 Catullum
883 2188 1151 2232 necessitate
1188 2194 1387 2232 coactum
1426 2195 1471 2231 et
1511 2202 1601 2232 non
1644 2203 1701 2231 ex

194 2259 331 2305 animi
374 2260 594 2323 sententia
636 2260 767 2306 facile
810 2268 1007 2322 apparet.
1062 2261 1259 2307 Carmen
1291 2261 1510 2307 LXVIII³
1553 2268 1700 2307 autem

195 2335 321 2379 brevi
360 2343 463 2395 post
507 2350 689 2380 carmen
730 2336 931 2380 LXXVI
979 2337 1155 2380 videtur
1195 2352 1292 2381 esse
1340 2338 1567 2398 scriptum,
1598 2354 1699 2382 nam

197 2409 310 2453 illud
338 2425 430 2455 non
453 2417 521 2455 est
543 2411 797 2470 urgendum
821 2410 941 2470 quod
962 2409 1164 2456 Catullus
1185 2412 1231 2456 in
1251 2413 1456 2456 carminis
1474 2412 1701 2458 LXVIIIa

194 2499 236 2526 v.
270 2483 440 2529 19—-29
474 2491 645 2530 tantum
664 2486 773 2530 dicit
804 2485 959 2530 dolore
986 2485 1042 2529 dc
1073 2487 1224 2532 fratris
1254 2493 1398 2531 morte
1429 2493 1699 2531 commotum

195 2572 243 2601 se
278 2556 535 2603 discessisse
565 2575 591 2603 a
623 2558 799 2619 Lesbia,
830 2566 952 2605 certo
988 2560 1122 2605 simul
1156 2560 1398 2606 infidelitas
1435 2560 1623 2605 Lesbiae
1654 2560 1699 2603 in

195 2646 327 2677 causa
345 2633 444 2691 fuit,
475 2633 589 2677 hanc
621 2633 740 2678 enim
768 2635 825 2678 ob
853 2650 1031 2679 causam
1061 2636 1275 2679 luctatum
1307 2651 1456 2680 secum
1486 2650 1582 2680 esse
1614 2636 1698 2681 Ca-

194 2706 354 2751 tullum
374 2714 424 2752 ut
449 2707 680 2753 desereret
709 2709 895 2754 amicam
923 2716 1113 2755 testatur
1139 2715 1320 2755 carmen
1348 2709 1549 2756 LXXVI
1579 2710 1699 2768 quod
