1848 2944
905 63 963 109 20

176 187 307 231 huius
340 187 552 232 carminis
581 188 728 246 docet,
759 194 945 248 propter
968 188 1181 234 Lesbiam
1212 196 1361 235 autem
1389 189 1504 234 hanc
1534 188 1683 233 amici·

175 262 282 305 tiam
305 262 525 305 turbatam
545 276 642 306 esse
663 268 850 322 apparet
869 277 893 305 e
910 263 1180 308 carminibus
1192 263 1415 320 LXXIII,
1428 262 1681 320 LXXVH3

178 335 341 379 deinde
375 350 644 395 quamquam
673 336 946 393 generaliter
982 337 1098 381 dixit
1130 336 1352 382 Catullus:
1386 336 1507 383 ‘Noli
1544 336 1681 381 admi-

176 410 265 453 rari
297 424 433 469 quare
464 409 547 453 tibi
576 409 796 453 femina
824 409 1005 454 nulla’
1044 411 1104 467 (v.
1129 412 1191 469 1),
1211 412 1334 456 -‘Aut
1364 411 1573 457 admirari
1605 411 1681 456 de·

131 500 133 502 ·
176 483 272 526 sine
304 499 385 527 cur
418 483 609 541 fugiunt’
646 484 704 538 (V.
726 483 799 541 10)
833 483 943 528 haec
971 490 1119 528 tamen
1150 485 1208 530 ad
1235 485 1443 530 Lesbiam
1475 485 1685 530 videntur

176 563 395 616 spectare,
411 558 458 602 id
478 557 785 617 quod-leniter
816 558 1091 618 significasse
1118 561 1295 606 videtur
1324 568 1458 620 poeta
1486 560 1684 605 v.8‘nec

175 632 354 688 quicum
384 632 542 676 bella
571 633 767 692 puella
799 634 958 677 cubet’.

289 707 414 764 Ergo
448 706 765 762 coniungenda
793 712 895 750 sunt
922 707 1034 751 haec
1055 708 1250 751 carmina
1265 706 1683 751 LXIX—LXXIII

174 770 289 838 'quae
317 781 588 839 carmina-et
617 781 735 825 bella
777 780 1041 839 gradatione
1084 797 1185 826 sese
1227 781 1460 841 excipiunt
1502 789 1546 826 et
1585 782 1681 827 sine

175 855 309 899 dubio
340 856 396 898 de
428 855 648 899 industria
677 872 702 898 a
733 856 913 899 Catullo
957 857 1018 899 ita
1064 863 1168 900 sunt
1200 856 1403 900 ordinata
1433 862 1484 900 ut
1511 856 1680 900 unicui.-

178 944 264 986 que
296 928 343 971 in
366 928 572 973 Caelium
609 929 793 972 carmini
823 929 912 973 tale
942 929 1239 974 subiiceretur
1271 944 1453 974 carmen
1484 929 1604 987 quod
1633 930 1680 974 in

175 1003 384 1047 Lesbiam
416 1002 631 1062 scriptum
661 1009 792 1047 esset.

289 1078 383 1121 Iam
426 1093 534 1121 vero
573 1078 863 1122 subsistamus
906 1079 1090 1136 paulum
1124 1072 1182 1122 vut
1220 1078 1448 1123 videamus
1488 1094 1594 1138 num
1627 1093 1678 1123 ea

177 1166 290 1211 quae
321 1151 455 1195 modo
483 1152 539 1195 de
571 1151 727 1195 Caelio
758 1151 877 1196 Rufo
914 1154 1090 1196 aemulo
1120 1152 1286 1197 Catulli
1326 1167 1384 1196 ex
1411 1152 1680 1196 carminibus

172 1232 334 1283 poetae
379 1225 648 1283 collegimus
685 1226 904 1282 quadrent
947 1226 1003 1269 ad
1042 1227 1103 1271 Μ.
1136 1226 1341 1271 Caelium
1373 1227 1539 1277 Rufum
1583 1242 1678 1270 ora-

176 1306 335 1343 torem.
381 1299 433 1345 Si
466 1298 629 1343 Lesbia
660 1298 743 1342 fuit
774 1314 900 1343 soror
929 1300 1007 1343 illa
1036 1299 1086 1344 P.
1119 1298 1285 1357 Clodii,
1317 1299 1497 1344 Caelius
1529 1300 1673 1345 Rufus

173 1374 377 1417 aemulus
422 1373 587 1417 Catulli
628 1373 720 1416 ille·
748 1373 803 1416 M.
844 1373 1022 1418 Caelius
1067 1374 1231 1430 Rufus,
1275 1374 1419 1432 primo
1454 1374 1679 1418 *miramur

173 1449 396 1508 quomodo
421 1448 521 1493 fieri
548 1449 746 1508 potuerit
773 1455 822 1493 ut
849 1448 953 1493 huic
988 1448 1157 1492 homini
1188 1449 1382 1493 carmine
1401 1448 1562 1494 LVIII
1590 1462 1678 1507 quo

175 1538 281 1567 sane
313 1538 369 1567 ex
402 1523 539 1566 animi
575 1523 796 1566 sententia
834 1524 1044 1580 loquatur
1085 1522 1287 1567 Catullus
1318 1522 1455 1566 vilem
1487 1522 1677 1566 Lesbiae

171 1598 537 1657 prostitutionem
568 1597 743 1641 crimini
774 1596 963 1641 dederit.
1026 1595 1287 1642 Schwabius
1322 1597 1409 1653 (69.
1435 1596 1524 1653 70.)
1552 1603 1676 1641 recte

169 1672 398 1716 intellexit
429 1687 521 1716 non
564 1670 755 1728 cogitari
786 1685 918 1729 posse
966 1686 1123 1715 verum
1167 1671 1304 1715 fuisse
1347 1670 1533 1727 Clodiae
1575 1685 1678 1728 qua-

172 1748 425 1793 drantariae
451 1748 499 1791 in
528 1747 756 1792 Catullum
777 1762 976 1791 amorem
999 1747 1079 1791 sed
1110 1747 1348 1805 deceptum
1379 1762 1477 1791 esse
1499 1753 1675 1805 poetam

169 1824 224 1866 ab
241 1822 368 1866 initio
386 1820 600 1865 lenocinii
617 1821 800 1865 artibus.
832 1821 932 1865 Hoc
950 1835 1057 1864 vero
1076 1835 1128 1864 eo
1144 1827 1346 1878 tempore
1364 1834 1449 1879 quo
1468 1836 1507 1864 c.
1519 1820 1687 1865 LVIII-

170 1896 384 1954 scriptum
411 1900 479 1938 est
509 1901 643 1952 poeta
660 1894 779 1937 haud
803 1894 936 1937 dubie
957 1894 1045 1937 iam
1068 1900 1364 1952 cognoverat;
1392 1894 1541 1952 itaque
1573 1908 1675 1953 per-

173 1975 386 2029 spexerat
419 1984 597 2027 quoque
622 1968 713 2012 iam
742 1974 978 2027 antequam
1010 1967 1225 2012 rationem
1255 1967 1389 2011 iniret
1413 1983 1513 2011 cum
1525 1966 1677 2012 Caelio

170 2059 268 2087 eam
296 2043 494 2087 moribus
527 2043 829 2101 turpissimam
860 2042 1011 2087 fuisse.
1061 2042 1197 2086 Anno
1223 2041 1423 2086 695—59
1455 2040 1678 2095 demum¹)

168 2118 228 2163 M.
266 2117 445 2162 Caelius
478 2116 684 2162 Clodiam
714 2131 870 2178 amare
888 2116 1038 2176 coepit
1062 2132 1148 2174 quo
1179 2123 1382 2175 tempore
1412 2115 1579 2160 femina
1600 2115 1678 2160 illa

168 2192 352 2251 triginta
382 2192 577 2248 quinque
607 2195 731 2234 certe
760 2205 977 2233 annorum
1006 2189 1232 2247 (Clodiam
1261 2205 1352 2233 non
1381 2196 1483 2249 post
1510 2204 1677 2233 annum

168 2266 371 2310 660—94
395 2271 545 2309 natam
573 2279 671 2308 esse
689 2264 954 2310 Schwabius
980 2264 1303 2308 demonstravit
1334 2279 1378 2322 p.
1399 2263 1584 2307 56-60.
1615 2262 1676 2308 M.
1697 2281 1699 2283 ·

167 2340 350 2386 Caelius
366 2340 510 2385 Rufus
541 2339 722 2382 demum
742 2354 857 2382 anno
875 2338 1077 2382 672—82
1112 2345 1240 2382 natus
1272 2344 1339 2381 est
1372 2338 1430 2381 cf.
1443 2336 1560 2381 Plin.
1575 2352 1616 2381 n.
1631 2336 1676 2381 h.

166 2414 275 2472 VII,
305 2415 362 2459 50
390 2415 553 2459 Drum.
594 2413 763 2458 Gesch.
801 2412 938 2457 Roms
981 2413 1030 2456 II
1061 2428 1105 2471 p.
1127 2412 1209 2454 411
1242 2417 1335 2455 not.
1354 2411 1431 2470 55)
1453 2412 1539 2455 iam
1572 2411 1676 2456 satis

164 2489 287 2532 vitiis
321 2489 499 2532 videtur
531 2487 686 2531 dedita
719 2487 881 2542 fuisse3
916 2502 968 2531 eo
999 2487 1097 2547 ipso
1130 2487 1247 2530 enim
1278 2502 1392 2531 anno
1436 2503 1539 2531 cum
1581 2502 1678 2531 mo-

168 2572 347 2610 reretur
391 2564 557 2609 coniux
606 2562 795 2607 Clodiae
844 2576 997 2606 omnes
1041 2561 1172 2605 huius
1213 2561 1368 2606 mortis
1413 2561 1601 2621 culpam>
1628 2561 1676 2605 in

289 2711 332 2781 ²¹)
355 2733 439 2770 Hoc
463 2733 642 2768 accurate
669 2731 950 2767 demonstravit
976 2730 1197 2767 Schwabius
1224 2730 1276 2778 (p.
1294 2729 1468 2778 56—60).
