1848 2944
896 96 955 152 33

170 233 366 292 potuerit
405 234 683 279 confundere
721 248 821 277 cum
860 233 1133 297 hexametris
1176 235 1250 289 (cf.
1289 233 1547 279 Froehlich.
1581 231 1675 275 1.1.

169 322 213 366 p
235 307 357 375 695).

271 377 477 426 Contra
487 386 606 438 quae
618 381 730 426 haec
756 380 865 425 m1h1
873 381 1103 424 videntur
1121 372 1360 425 monenda
1366 395 1494 425 esse.
1525 381 1671 452 primo

171 407 375 499 ordinem
408 459 528 498 certe
557 454 805 500 carminum
829 444 1202 500 LXIX——CXVI
1223 470 1313 521 non
1334 461 1537 514 pugnare
1569 462 1671 497 cum

169 528 442 589 temporibus
475 529 635 588 'quibus
663 529 843 588 sing-ula
890 529 1104 588 deinceps
1144 529 1353 572 carmine
1382 529 1544 588 scripta
1582 528 1669 571 sint

168 603 319 664 itaque
347 619 437 648 non
472 619 568 649 esse
598 603 695 648 veri
740 603 887 648 simile
925 610 1127 647 veterem
1167 603 1295 647 illum
1337 603 1540 647 codicem
1581 609 1672 646 tum

168 679 299 722 valde
330 679 469 722 fuisse
498 678 732 722 confusum
760 684 817 722 et
856 678 897 722 si
922 678 1025 735 quis
1068 692 1118 721 re
1157 689 1265 721 vera
1304 678 1499 721 carmina
1529 682 1672 720 metra

168 746 412 811 respiciens
441 744 753 818 segregaverit
786 751 833 796 in
862 751 946 795 hac
974 751 1218 795 mutatione
1241 757 1341 795 eum
1370 757 1577 794 accurate
1598 759 1673 794 or—

171 824 321 870 dinem
339 826 578 897 pristinum
599 826 644 870 in
665 825 856 895 singulis
874 825 1145 869 carminibus
1165 825 1286 884 quod
1306 825 1360 868 ad
1378 841 1440 869 cc.
1457 825 1616 869 LXIX
1636 851 1673 855 —

172 898 327 944 CXVI
355 900 540 944 attineat
569 907 794 956 servasse3
826 899 988 944 deinde
1021 900 1104 944 etsi
1136 899 1323 958 cogitari
1354 899 1519 959 possit
1529 912 1673 957 gram—

167 974 342 1018 matista
362 989 512 1032 usque
547 989 599 1019 eo
630 963 843 1018 indoctus
890 981 940 1018 ut
969 974 1239 1032 galliambos
1276 989 1314 1019 e.
1344 989 1389 1030 g.
1421 973 1675 1017 confuderit

170 1062 271 1090 cum
307 1048 580 1092 hexametris
625 1047 783 1091 eodem
823 1048 957 1091 modo
995 1063 1088 1091 non
1125 1062 1257 1107 posse
1304 1048 1508 1091 excusari
1551 1047 1671 1104 quod

169 1120 392 1181 strophica
424 1121 618 1166 carmina
647 1111 977 1184 XLXXXIV,
1007 1121 1087 1179 LI,
1119 1113 1233 1166 LXI*
1257 1116 1374 1166 inter
1408 1121 1513 1165 talia
1544 1121 1672 1165 inve-

173 1196 347 1240 niamus
390 1210 502 1252 quae
545 1196 682 1253 longe
728 1196 893 1240 distent
933 1196 989 1240 ab
1025 1196 1116 1239 illis
1152 1193 1189 1239 s'i
1221 1202 1361 1239 metra
1391 1203 1666 1254 spectemus;

170 1271 364 1330 denique
391 1271 591 1330 ineptum
621 1271 753 1315 istum
784 1271 1134 1330 grammatistam
1156 1285 1246 1314 non
1270 1270 1467 1329 potuisse
1498 1270 1667 1314 sen-tire

174 1361 284 1404 quae
310 1346 553 1390 similitudo
586 1346 887 1390 intercesserit
918 1337 1034 1390 inter
1062 1346 1255 1389 carmina
1272 1344 1669 1390 LXI———LXVIIIb

166 1426 215 1462 ut
243 1419 360 1464 hanc
393 1420 448 1463 ob
474 1432 658 1463 >causam
689 1435 741 1463 ea
772 1409 1098 1479 composuerit.-

253 1480 402 1551 'Ergo
441 1495 551 1537 haec
586 1493 861 1538 Frochlichii
904 1494 1139 1550 sententia,
1187 1508 1453 1550 quamquam
1498 1508 1579 1552 per
1618 1509 1665 1536 se

164 1574 362 1629 spectata
381 1567 522 1611 'valde
557 1575 624 1612 est
663 1568 878 1628 speciosa,
908 1583 980 1611 me
1012 1568 1190 1624 quidem
1220 1567 1369 1612 iudice
1398 1583 1488 1612 non
1517 1573 1665 1627 potest

163 1643 332 1686 servari
361 1642 628 1701 videturque
678 1643 1049 1700 acquiescendum
1088 1658 1185 1686 esse
1222 1642 1267 1685 in
1309 1657 1361 1685 ea
1401 1657 1533 1699 quam
1576 1657 1663 1700 ego

164 1732 295 1776 supra
326 1716 553 1775 proposui.
626 1715 676 1761 Si
710 1731 817 1778 vero
855 1718 916 1760 ita
957 1722 1008 1760 ut
1047 1710 1255 1774 equidem
1288 1707 1663 1760 indicaui-divisit

165 1788 369 1834 Catullus
399 1790 564 1834 librum
592 1803 733 1846 suum,
759 1790 895 1849 parti
917 1791 1091 1846 tertiae,
1128 1805 1259 1849 quam
1292 1790 1463 1846 vocavi,
1492 1790 1538 1833 id
1572 1797 1666 1834 erat

162 1863 395 1923 proprium
419 1869 470 1907 ut
493 1862 586 1908 huc
615 1864 928 1908 consisterent
938 1864 1043 1908 talia
1071 1865 1269 1908 carmina
1289 1880 1402 1928 quae
1430 1872 1506 1909 aut
1537 1865 1663 1909 nullo

163 1944 239 1980 aut
270 1937 544 1980 brevissimo
561 1938 701 2000 spatio
731 1952 828 1981 sese
863 1938 1167 1997 excepissent,
1176 1946 1239 1982 ut
1245 1938 1331 1983 hic
1351 1952 1517 1999 opciae
1549 1946 1667 1984 esset

161 2008 354 2069 pretium
398 2010 459 2055 ita
505 2025 554 2055 ea
586 2011 810 2055 ordinare
839 2011 969 2055 sicuti
999 2012 1207 2080 sing-uhi
1225 2012 1437 2073 deinceps
1469 2014 1665 2058 carmina

161 2084 327 2145 scripta
361 2092 524 2142 essent,
546 2086 593 2129 id
621 2086 741 2145 quod
770 2088 942 2131 revera
958 2088 1126 2131 factum
1142 2099 1239 2131 esse
1263 2102 1396 2146 supra
1429 2088 1659 2148 p.25-28

163 2158 469 2224 demonstrare
502 2160 645 2203 conati
678 2177 852 2216 sumus3
895 2166 1049 2204 contra
1093 2161 1258 2204 nullius
1299 2161 1395 2205 fere
1437 2168 1535 2205 erat-
1566 2164 1663 2206 fru-

164 2237 259 2275 ctus
301 2232 457 2276 eadem
500 2233 670 2278 ratione
702 2234 908 2278 ordinare
940 2235 1137 2279 carmina
1166 2234 1335 2292 primae
1367 2236 1518 2294 partis,
1562 2252 1663 2279 cum

162 2301 235 2349 hic
256 2306 356 2350 scre
384 2295 565 2365 semper
592 2307 803 2352 transistis
835 2308 1201 2351 desiderarentur
1230 2310 1349 2367 quod
1377 2310 1558 2353 minime
1592 2326 1661 2353 ca-

164 2378 237 2423 dit
255 2379 321 2425 in
332 2380 530 2425 carmina
561 2382 718 2426 tertiae
749 2382 899 2440 partis
917 2381 994 2432 (cf.
1026 2396 1070 2440 p.
1087 2381 1291 2439 42—44).

276 2454 371 2500 Sed
399 2455 510 2499 haec
539 2462 589 2523 ut
620 2470 751 2515 spero
782 2456 970 2500 clariora
1003 2456 1112 2499 fient
1146 2457 1193 2499 in
1226 2456 1371 2514 eapite
1394 2456 1466 2499 III
1494 2457 1569 2500 ubi
1604 2457 1661 2501 de

163 2530 227 2575 eis
260 2530 527 2613 carminibus
561 2546 690 2612 quae
703 2532 761 2577 ad
789 2519 997 2577 Lesbiam
1028 2537 1229 2616 spectant
1260 2530 1509 2576 disseram.-
