1848 2944
919 108 975 155 28

307 235 465 292 Itaque
496 250 588 279 non
617 235 712 279 sine
741 251 873 280 causa
889 236 975 280 hoc
1008 250 1189 281 carmen
1209 234 1364 292 CXVI
1394 240 1437 279 et
1466 240 1569 293 post
1596 244 1699 278 'car-

193 308 310 352 mina
340 308 417 352 illa
456 309 783 354 contumeliosa
820 310 868 354 in
902 310 1103 356 Gellium
1136 317 1181 354 et
1209 317 1310 369 post
1341 309 1537 354 carmina
1568 307 1700 353 CVII

194 388 238 426 et
272 380 383 427 CIX
412 382 594 427 videtur
624 398 721 427 esse
753 383 1034 428 collocatum.

311 456 503 501 Videtur
523 458 663 516 igitur
693 458 803 502 ordo
836 459 1083 502 carminum
1099 457 1472 503 LXIX—CXVI
1498 465 1699 502 accurate

194 530 402 574 decursui
430 531 648 589 temporis
677 545 775 576 esse
807 531 1135 577 accomodatus.
1179 532 1255 590 (cf.
1286 532 1404 576 infra
1433 548 1477 590 p.
1501 531 1699 591 38*sqq.)

192 604 381 650 Nullum
427 604 577 648 afferri
631 605 799 665 poterit
844 622 1025 650 carmen
1067 622 1153 665 quo
1196 606 1443 650 concedere
1488 620 1700 664 cogamur

192 680 306 723 hanc
332 693 536 723 normam
571 694 669 724 esse
703 679 942 724 desertam.
975 681 1092 725 *Duo
1123 687 1293 725 tantum
1324 679 1520 725 carmina
1545 668 1699 724 viden-

192 759 267 797 tur
296 753 442 811 primo
475 760 658 811 aspectu
691 769 967 813 repugnare:
1008 754 1211 800 LXXXI
1253 754 1473 798 ‘Nemone
1500 754 1548 798 in
1575 759 1698 798 tanto

192 826 337 885 potuit
379 827 547 886 populo
592 842 712 884 esse,
770 828 961 882 Iuventi,
997 828 1151 872 Bellus
1181 829 1330 883 homo,
1364 843 1497 886 quem
1541 834 1590 871 tu
1635 827 1699 870 di-

192 900 339 960 ligere
379 901 601 961 inciperes
661 902 979 959 Praeterquam
1007 902 1091 946 iste
1119 909 1220 946 tuus
1248 901 1512 946 moribunda
1539 919 1564 945 a
1592 901 1699 946 sede

193 973 368 1019 Pisauri
415 975 596 1035 Hospes
638 976 720 1021 —.’
765 975 934 1021 XCIX.
1001 976 1225 1035 ‘Surripui
1268 976 1370 1032 tibi,
1417 976 1522 1020 dum
1564 974 1698 1025 ludis,

196 1049 368 1092 mellite
385 1049 583 1106 Iuventi,
613 1049 844 1096 Saviolum
875 1049 995 1093 dulci
1029 1049 1205 1094 dulcius
1233 1049 1455 1094 ambrosia
1489 1049 1568 1092 —.’
1603 1047 1698 1094 Sed

196 1122 375 1167 minime
405 1123 712 1182 colligendum
746 1129 814 1168 est
848 1139 871 1167 e
899 1123 1094 1167 carmine
1122 1123 1325 1168 LXXXI
1372 1123 1599 1168 Catullum
1644 1138 1698 1167 eo

194 1204 399 1257 tempore
444 1213 531 1256 quo
564 1199 651 1242 hoc
683 1213 861 1242 carmen
891 1198 1105 1257 scriptum
1137 1199 1194 1242 sit
1225 1198 1483 1242 discessisse
1515 1212 1697 1256 prorsus

197 1288 222 1315 a
252 1271 575 1316 consuetudine
607 1271 816 1315 Iuventii.

310 1344 351 1387 2.
397 1344 532 1398 Quod
570 1345 732 1388 deinde
773 1345 830 1388 ad
868 1345 1062 1389 carmina
1100 1343 1489 1399 LXI—LXVIIIb
1526 1344 1698 1399 attinet,

198 1417 254 1461 de
287 1418 357 1461 his
385 1418 499 1462 nihil
530 1418 684 1462 dicere
714 1433 896 1478 possum
927 1418 1012 1463 nisi
1043 1418 1177 1463 haec:
1223 1424 1346 1463 recte
1378 1432 1559 1462 carmen
1589 1416 1700 1462 LXI

197 1507 284 1550 quo
319 1492 513 1536 carmine
546 1493 723 1551 nuptias
748 1492 906 1538 Manlii
935 1493 1067 1536 amici
1106 1493 1174 1535 sui
1223 1493 1423 1535 celebrat
1460 1498 1592 1551 poeta
1623 1491 1699 1546 (cf.

196 1565 385 1620 16-20)
413 1566 607 1624 positum
639 1581 737 1611 esse
767 1573 871 1610 ante
902 1581 1083 1610 carmen
1110 1566 1344 1622 LXVIIIa,
1374 1582 1478 1610 nam
1507 1580 1562 1609 eo
1592 1572 1701 1609 tem-

194 1654 306 1697 pore
337 1654 423 1696 quo
458 1655 642 1684 carmen
668 1640 893 1684 LXVIIP
924 1640 1135 1698 scriptum
1168 1647 1247 1695 est,
1277 1656 1393 1684 uxor
1424 1638 1575 1683 Manlii
1612 1638 1701 1681 iam

196 1718 370 1756 mortua
398 1719 494 1756 erat
523 1713 582 1757 cf.
615 1729 687 1757 vv.
722 1714 869 1758 1—6.:
904 1713 960 1757 de
988 1713 1142 1757 uxoris
1176 1713 1293 1757 enim
1326 1718 1469 1757 morte
1496 1713 1571 1757 hic
1610 1726 1701 1756 ser-

199 1801 379 1830 monem
410 1802 508 1832 esse
533 1788 830 1831 certissimum
862 1794 929 1831 est
960 1788 1029 1843 (cf.
1060 1794 1109 1831 ut
1139 1787 1249 1832 alios
1284 1788 1482 1831 omittam
1514 1787 1698 1833 Schwa-

193 1860 316 1904 bium
349 1876 393 1920 p.
410 1861 682 1918 342—344);
713 1861 877 1905 deinde
908 1868 1010 1920 apte
1043 1875 1221 1905 carmen
1249 1860 1472 1905 LXVIIP
1503 1860 1700 1920 positum

194 1941 263 1979 est
294 1942 397 1980 ante
429 1950 608 1980 carmen
637 1936 873 1993 LXVIIP’,
907 1937 945 1980 si
986 1952 1121 1996 supra
1160 1942 1283 1981 recte
1329 1936 1385 1979 de
1426 1936 1512 1979 hoc
1544 1934 1701 1979 carmi·-

193 2024 301 2054 num
328 2010 427 2070 pari
455 2010 647 2055 iudicavi
679 2013 740 2070 (p.
761 2011 963 2064 13—15).

308 2084 351 2129 3.
410 2084 706 2129 Transeamus
739 2086 829 2128 iam
861 2085 916 2128 ad
960 2100 1056 2128 eam
1088 2091 1262 2144 partem
1291 2084 1395 2129 libri
1430 2083 1596 2129 Catulli
1627 2084 1703 2142 qui

196 2158 398 2203 continet
415 2158 609 2202 carmina
626 2158 828 2203 II—LX.
862 2159 1148 2204 Praecedunt
1176 2159 1250 2202 hic
1285 2174 1337 2203 ea
1368 2159 1564 2203 carmina
1586 2173 1700 2219 quae

194 2233 313 2276 haud
354 2233 490 2277 dubie
528 2233 675 2293 primo
714 2234 907 2293 tempori
950 2234 1113 2277 amoris
1139 2233 1330 2277 Lesbiae
1363 2233 1584 2277 debentur
1618 2233 1699 2291 (H,

197 2307 283 2364 III,
315 2306 373 2364 V,
402 2307 509 2363 VII,
539 2306 670 2364 VIII,
698 2307 816 2351 XIII
846 2323 886 2352 V.
912 2307 978 2351 12.
1004 2308 1056 2351 13
1097 2307 1226 2352 ‘Nam
1256 2313 1539 2366 unguentum
1574 2306 1704 2362 dabo,

196 2382 316 2441 quod
351 2397 477 2427 meae
511 2383 688 2441 puellae
719 2384 957 2427 Donarunt
988 2383 1192 2426 Veneres
1223 2381 1594 2439 Cupidinesque’)
1633 2395 1705 2423 se-

194 2462 358 2501 cuntur
400 2456 507 2500 talia
549 2456 743 2501 carmina
790 2471 902 2515 quae
951 2471 1147 2500 amorem
1194 2456 1419 2501 turbatum
1455 2460 1702 2500 testantur:

195 2531 417 2589 XXXVI,
443 2532 687 2588 XXXVII,
718 2532 897 2576 LVIII:
940 2533 986 2575 in
1024 2548 1109 2589 quo
1140 2547 1328 2576 numero
1361 2532 1493 2575 etiam
1524 2546 1705 2575 carmen

193 2606 353 2650 XLIII
384 2612 451 2651 est
481 2622 585 2651 nam
617 2621 675 2650 ex
706 2607 916 2650 carminis
947 2606 1059 2652 XLI
1089 2622 1130 2650 v,
1148 2607 1197 2651 2:

471 2683 585 2726 Tota
618 2681 740 2725 milia
769 2695 840 2725 me
870 2681 1027 2725 decem
1057 2681 1262 2740 poposcit

194 2755 311 2801 haud
356 2755 490 2802 dubie
521 2756 829 2817 colligendum
857 2772 957 2802 cum
975 2755 1265 2802 ‘Decoctoris'
1298 2755 1375 2801 illa
1404 2753 1556 2799 ‘amica
1588 2754 1703 2801 For-
