1848 2944
894 66 947 113 12

166 181 381 251 quattuor
413 192 633 250 carmina3
668 193 768 237 aliis
796 193 1153 240 locis'Suffenus
1180 208 1273 239 non
1302 196 1673 239 commemoratur

163 282 189 310 a
227 266 442 321 Catullo).
487 267 575 312 Hic
608 273 786 326 quoque
819 268 1062 325 aequalitas
1093 269 1271 314 videtur
1285 269 1334 314 in
1353 285 1483 314 causa
1499 268 1670 330 fuisse-J

280 341 321 385 3.
383 340 667 386 Carminibus
683 342 923 388 XXXVII
939 349 983 387 et
996 342 1219 401 XXXIX,
1249 358 1363 402 quae
1392 359 1483 389 uno
1500 349 1672 389 tantum

163 420 426 475 separantur
459 416 670 473 carmine,
702 417 758 460 de
790 417 916 460 cuius
946 423 1146 477 tempore
1176 418 1290 461 nihil
1320 418 1483 462 afferre
1512 430 1671 478 possu-

166 505 282 545 mus,
312 489 434 534 idem
461 490 680 549 Egnatius
706 495 1084 535 commemoratur
1114 491 1188 549 qui
1222 492 1380 536 eodem
1411 492 1591 537 nomine
1623 492 1672 537 in

166 569 360 621 u'troque
394 564 591 609 carmine
622 564 836 608 irridetur
866 564 1117 621 XXXVII,
1146 564 1204 609 20
1237 565 1361 608 ‘dens
1389 565 1568 609 Hiberav
1594 565 1672 608 de-

167 636 351 681 fricatus
379 637 520 682 urina'
548 638 774 694 XXXIX,
793 638 845 681 17
865 653 977 697 sqq„
1010 645 1055 682 et
1081 643 1347 697 quamquam
1377 645 1581 684 accurate
1597 638 1692 683 de-'

167 712 407 756 monstrari
453 712 610 771 nequit
649 713 760 757 haec
798 713 885 757 duo
926 714 1121 758 carmina
1148 713 1232 759 sibi
1264 729 1363 759 esse
1392 713 1602 771 aeq‘ualia
1622 727 1676 758 re

165 794 248 844 p'er
278 801 326 830 se
354 793 556 845 spectata
585 787 671 830 hoc
700 793 848 831 tamen
881 788 1073 831 maxime
1104 795 1171 832 est
1200 788 1488 832 verisimile.

283 862 324 914 4.
385 861 518 905 Idem
552 861 839 905 iudicandum
872 868 940 905 est
981 861 1037 905 de
1070 862 1337 906 carminibus
1364 862 1490 917 XLI,
1521 862 1673 917 XLII,

165 933 344 977 XLIII.
405 935 477 978 De
509 934 778 978 carminibus
807 935 931 991 XLI,
972 932 1130 978 XLIII
1161 935 1353 978 dubitari
1384 935 1538 991 nequit
1567 934 1673 991 quin
1701 927 1717 934 ⁹

164 1006 211 1050 in
243 1006 434 1051 eandem
464 1007 661 1066 puellam
689 1007 777 1052 sint
800 1009 967 1067 scripta
984 1008 1057 1065 (cf.
1073 1007 1200 1065 XLI,
1214 1008 1508 1065 4XL111,5).
1539 1007 1672 1063 Quod

169 1079 228 1123 ad
260 1095 296 1124 c.
310 1080 445 1125 XLII
474 1080 632 1125 attinet
662 1096 820 1139 parum
850 1082 1133 1126 considerate
1151 1081 1342 1126 credidit
1357 1081 1673 1127 Froehlichius

168 1157 230 1213 (p.
247 1154 345 1199 698.
367 1155 468 1211 715)
501 1162 545 1199 et
572 1155 835 1202 Schwabius
854 1156 915 1214 (p.
935 1156 1135 1214 75.120)‚
1163 1156 1395 1200 moecham
1424 1156 1553 1199 istam
1583 1161 1673 1199 tur·

170 1243 273 1288 pem
307 1229 479 1281 (XLII,
510 1231 557 1285 3)
591 1244 689 1274 esse
720 1229 948 1287 Lesbiam;
1003 1230 1225 1289 quomodo
1254 1229 1382 1274 'enim
1424 1230 1480 1273 de
1509 1228 1673 1273 Lesbia

169 1303 292 1347 cuius
336 1304 570 1361 egregiam
602 1304 790 1347 sormam
820 1311 910 1347 tam
944 1319 1077 1364 saepe
1108 1304 1385 1363 praedicavit
1420 1303 1599 1361 (XLIII
1630 1303 1670 1347 7.

166 1376 245 1424 LI.
282 1376 544 1422 LXXXVI.
574 1377 778 1421 LXVIII
809 1377 876 1435 (b)
908 1377 987 1421 131
1009 1378 1125 1436 sqq.)
1169 1373 1243 1422 'uti‘
1278 1377 1422 1437 potuit
1466 1376 1672 1422 Catullus

146 1445 243 1494 vtali
275 1450 430 1509 lingua
459 1464 501 1495 V.
530 1452 697 1496 8—10:
739 1451 839 1495 ‘Illa
849 1485 862 1508 ,
903 1467 1034 1509 quam
1065 1452 1227 1496 videtis
1255 1452 1408 1511 Turpe
1445 1450 1676 1505 incedere,

171 1524 349 1569 mimice
384 1540 435 1569 ac
467 1525 655 1570 moleste
690 1525 927 1571 Ridentem
958 1526 1090 1569 catuli
1121 1540 1198 1570 ore
1230 1524 1501 1570 Gallicani’?
1535 1522 1673 1568 Certo

167 1599 205 1641 si
231 1613 282 1642 re
315 1613 423 1642 vera
453 1614 488 1642 c.
516 1599 655 1644 XLII
685 1599 741 1643 ad
772 1599 982 1643 Lesbiam
1019 1604 1190 1658 spectat
1220 1614 1311 1642 non
1342 1604 1409 1641 est
1439 1596 1670 1656 probabile

171 1671 398 1717 Catullum
429 1673 577 1733 ipsum
621 1673 724 1718 huic
765 1674 950 1718 carmini
982 1673 1128 1718 statim
1161 1673 1404 1717 subiecisse
1443 1688 1479 1716 c.
1512 1670 1672 1716 XLIII

174 1762 261 1805 quo
295 1747 490 1790 carmine
518 1762 701 1807 prorsus
731 1747 778 1791 in
808 1748 1074 1793 contrariam
1105 1746 1371 1792 sententiam
1401 1746 1457 1789 de
1486 1744 1673 1789 Lesbiae

169 1822 314 1865 forma
348 1821 560 1879 loquatur
595 1822 655 1878 (7.
686 1823 746 1875 8).
805 1820 1000 1866 Accedit
1032 1821 1152 1880 quod
1180 1821 1356 1865 nullum
1386 1820 1434 1864 in
1465 1818 1675 1864 Lesbiam

171 1909 352 1938 carmen
381 1901 503 1938 extat
532 1895 665 1938 simili
696 1896 864 1938 atrocia
896 1895 1129 1954 scriptum,
1158 1910 1271 1953 quae
1302 1893 1467 1938 atrocia
1506 1892 1676 1954 optime

169 1968 421 2013 declaratur
453 1969 490 2013 si
517 1982 615 2013 eam
642 1969 855 2014 directam
873 1984 971 2013 csse
989 1969 1210 2013 credimus
1227 1968 1275 2013 in
1290 1983 1523 2027 procacem
1541 1974 1676 2024 quan-

169 2042 273 2086 dam
319 2043 665 2087 meretriculam.
724 2043 882 2100 Itaque
924 2042 1032 2087 mihi
1080 2041 1455 2102 simplicissimum
1496 2040 1676 2085 videtur

169 2132 268 2162 esse
298 2117 385 2161 hoc
422 2133 604 2161 carmen
633 2118 910 2175 coniungere
941 2133 1043 2160 cum
1071 2116 1338 2160 carminibus
1366 2116 1490 2171 XLI,
1520 2115 1677 2160 XLIII

166 2198 298 2250 atque
329 2192 527 2235 iudicare
554 2192 639 2235 hoc
670 2207 708 2235 c.
727 2191 899 2235 XLII·
888 2207 934 2235 in
959 2190 1165 2235 eandem
1176 2190 1393 2248 scriptum
1423 2204 1519 2234 esse
1550 2188 1676 2248 puel-

168 2266 261 2310 lam
309 2266 435 2310 cuius
482 2266 823 2324 protervitatem
866 2265 1072 2310 Catullus
1116 2282 1152 2309 c.
1184 2265 1295 2309 XLI
1326 2264 1453 2309 cuius
1484 2264 1677 2307 formam

169 2354 206 2382 c.
224 2339 337 2383 XLI
369 2345 414 2382 et
443 2339 602 2383 XLIII
633 2339 852 2382 deriserit.
874 2339 907 2391 ¹)

280 2413 321 2457 5.
384 2412 493 2457 Sine
529 2414 662 2457 dubio
694 2414 857 2457 deinde
889 2414 1083 2457 carmina
1111 2412 1241 2457 LXV
1263 2417 1307 2455 et
1332 2411 1490 2455 LXVI
1516 2410 1677 2455 eodem

169 2494 267 2532 orta
296 2493 400 2532 sunt
426 2494 642 2547 tempore.
704 2487 895 2548 Scripsit
926 2487 1044 2532 enim
1074 2493 1208 2546 poeta
1239 2486 1284 2530 in
1317 2501 1351 2529 c.
1371 2485 1499 2530 LXV
1531 2501 1570 2528 v.
1596 2484 1675 2528 16:

166 2561 308 2626 ‘mitto
324 2562 451 2606 Haec
472 2577 686 2621 expressa
702 2562 784 2605 tibi
805 2561 1002 2606 earmina
1019 2560 1262 2604 Battiadae’
1296 2577 1333 2604 c.
1350 2559 1505 2604 LXVI
1530 2564 1679 2614 autem

309 2714 335 2761 ¹)
362 2714 419 2750 De
447 2714 680 2752 carminibus
704 2714 838 2757 LVIII,
864 2714 949 2756 LIX
974 2725 1010 2750 v.
1033 2711 1134 2749 infra
1156 2724 1194 2761 p.
1215 2714 1270 2749 19.
