1848 2944
907 54 964 99 26

182 177 300 234 dem,
342 194 446 223 nam
473 179 680 238 longiore
720 185 924 239 tempore
965 187 1068 239 post
1109 182 1187 226 illa
1226 182 1424 229 carmina
1459 183 1548 230 hoc
1588 198 1687 230 esse

179 252 395 314 scriptum
426 261 612 315 apparet
645 269 669 299 e
699 270 833 300 versu
863 257 891 300 5
920 271 1015 316 sqq.

1018 331 1144 376 Caeli
1172 332 1275 375 tibi:
1305 349 1409 377 nam
1438 339 1513 377 tua
1542 332 1686 377 nobis.

451 403 539 449 Per
568 405 686 449 facta
716 405 913 449 exhibita
944 413 1011 450 est
1042 407 1176 451 unica
1207 406 1412 463 amicitia,

319 476 450 523 Cum
482 493 646 523 vesana
676 494 797 523 meas
826 485 1081 524 torreret
1110 480 1286 526 flamma
1316 480 1548 526 medullas.

299 551 532 612 Scriptum
569 561 634 599 est
670 554 757 598 hoc
798 570 977 599 carmen
1011 555 1047 601 C
1079 555 1156 599 tali
1186 561 1389 614 tempore
1419 571 1508 613 quo
1542 556 1685 611 Quin-

179 625 266 669 tius
302 634 523 671 summoto
553 627 641 671 iam
675 626 853 671 Catullo
882 629 1121 673 Aufilenae
1151 643 1301 674 amore
1334 627 1579 676 fruebatur.
1628 628 1687 674 Et

179 699 257 744 hic>
284 700 394 745 ordo
428 703 673 746 carminum
705 709 855 746 rectus
897 709 975 759 est,
1007 719 1108 747 nam
1143 710 1276 748 ante
1316 704 1402 747 hoc
1435 717 1615 748 carmen
1647 703 1684 748 C

184 773 437 819 invenimus
468 776 580 821 illud
601 791 780 822 carmen
810 776 1072 835 (LXXXII)
1104 793 1191 836 quo
1222 777 1458 835 Quintium
1484 778 1688 823 obsecrat

180 856 316 909 poeta
345 865 403 895 ne
434 851 516 896 sibi
542 851 701 911 eripiat
731 867 927 895 amorem
953 853 1207 898 Aufilenae.
1256 854 1465 899 Fortasse
1498 852 1556 896 ad
1586 867 1687 898 ean-

179 923 282 969 dem
311 926 570 971 Aufilenam
602 932 775 986 spectat
817 941 997 970 carmen
1036 926 1301 984 LXXXVI,
1346 927 1408 971 ibi
1439 927 1555 974 enim
1590 941 1688 971 eam

179 1000 236 1043 ob
268 1015 445 1045 causam
480 1000 663 1056 Quintia
699 1002 876 1049 videtur
922 1001 1140 1060 appellari
1182 1002 1301 1059 quod
1346 1001 1434 1046 iam
1479 1001 1687 1057 Quintius

182 1088 282 1117 cum
314 1088 365 1117 ea
399 1074 619 1119 rationem
637 1076 772 1119 habet
806 1075 881 1131 (cf.
911 1091 1046 1134 supra
1076 1092 1119 1135 p.
1138 1076 1167 1119 4
1196 1076 1252 1119 de
1271 1076 1525 1120 nominibus
1543 1075 1684 1121 ‘Rufa’

180 1146 433 1201 ‘Lesbius').
497 1147 633 1202 Quod·
673 1148 711 1193 si
753 1163 911 1191 verum
952 1155 1019 1191 est
1046 1149 1131 1191 hoc
1166 1163 1341 1208 quoque
1375 1163 1555 1193 carmen
1585 1155 1688 1208 apte

183 1226 251 1264 est
278 1220 472 1280 positum
505 1228 608 1281 post
639 1238 675 1268 c.
702 1222 942 1267 LXXXII.
1007 1222 1111 1266 Duo
1143 1229 1377 1282 praeterea
1409 1229 1561 1268 extant
1592 1238 1686 1267 car-

182 1295 303 1338 mina
344 1297 391 1339 in
432 1297 691 1341 Aufilenam
730 1297 837 1354 CX,
879 1296 988 1341 CXI
1030 1312 1143 1356 quae
1183 1297 1277 1340 sine
1318 1297 1453 1343 dubio
1489 1303 1616 1357 post
1648 1312 1685 1340 c.

180 1368 408 1414 LXXXII
439 1377 542 1415 sunt
568 1371 744 1431 scripta.

294 1444 428 1499 Quod
458 1460 565 1489 vero
599 1461 638 1489 c.
680 1445 908 1490 LXXXII
952 1446 1068 1489 inter
1116 1461 1166 1490 ea
1205 1446 1457 1491 invenimus
1489 1446 1687 1491 carmina

96 1558 98 1560 .
181 1532 294 1575 quae
337 1520 514 1577 turbato
563 1535 713 1565 amore
745 1520 935 1565 Lesbiae
978 1521 1158 1579 scripsit
1197 1527 1332 1580 poeta
1376 1521 1462 1565 hoc
1509 1536 1686 1578 quoque

178 1599 299 1637 recte
318 1608 366 1637 se
386 1594 565 1638 videtur
585 1595 768 1653 habere,
786 1611 887 1640 nam
907 1610 987 1654 per
1008 1610 1056 1639 se
1083 1601 1152 1639 est
1175 1594 1408 1653 probabile
1437 1601 1539 1654 post
1565 1595 1687 1639 illius

183 1668 363 1713 demum
394 1670 558 1714 amoris
588 1670 972 1729 perturbationem
1013 1669 1239 1715 Catullum
1282 1670 1482 1730 coepisse
1514 1670 1682 1718 Aufile-

178 1761 284 1789 nam
322 1760 496 1802 amare,
537 1745 582 1791 id
622 1745 741 1805 quod
782 1746 969 1791 fortasse
1018 1745 1149 1790 etiam
1185 1761 1208 1788 e
1242 1736 1435 1789 carmine
1467 1743 1504 1788 C
1537 1751 1685 1804 potest

179 1819 346 1878 colligi.

297 1895 450 1939 Restat
468 1901 517 1938 ut
538 1910 589 1939 ea
607 1896 803 1940 carmina
824 1911 935 1954 quae
952 1895 997 1939 in
1017 1895 1215 1941 Gellium
1242 1895 1421 1955 scripsit
1437 1901 1570 1954 poeta
1586 1910 1687 1939 con·

178 1971 440 2016 sideremus.
468 1970 585 2017 Sunt
601 1972 711 2016 baec
726 1972 922 2016 carmina
937 1971 1152 2027 LXXIV,
1168 1970 1360 2026 LXXX,
1375 1969 1686 2026 LXXXVIII,

177 2047 443 2103 LXXXIX,
487 2046 588 2103 XO,
628 2046 753 2103 XCI,
789 2045 957 2090 CXVI.
1024 2045 1096 2088 Ex
1134 2046 1330 2089 carmine
1361 2046 1541 2089 demum
1573 2045 1686 2090 XCI

179 2122 495 2180 cognoscimus
544 2120 745 2166 Gellium
790 2120 926 2164 fuisse
970 2120 1194 2164 aemulum
1239 2118 1404 2164 Catulli
1443 2112 1491 2164 in
1534 2135 1684 2167 amore

176 2195 368 2240 Lesbiae
398 2195 454 2240 ef.
487 2210 557 2239 vv,
588 2195 630 2238 5.
662 2195 703 2238 6.

295 2270 394 2315 Hac
425 2269 523 2330 ipsa
548 2285 680 2314 causa
712 2268 975 2315 Schwabius
1009 2268 1185 2313 videtur
1222 2284 1320 2314 esse
1356 2275 1603 2315 commotus
1637 2275 1687 2313 ut

177 2345 263 2388 hoc
293 2359 473 2388 carmen
506 2350 608 2388 ante
642 2349 794 2387 cetera
833 2344 880 2388 in
910 2343 1113 2388 Gellium
1146 2344 1343 2387 carmina
1370 2349 1559 2401 excepto
1590 2359 1686 2387 car-

178 2418 297 2462 mine
333 2418 489 2462 CXVI
523 2418 744 2461 iudicaret
780 2433 877 2462 esse
909 2418 1124 2477 scriptum
1157 2417 1231 2473 (cf.
1265 2417 1471 2463 Schwab.
1503 2433 1546 2477 p.
1569 2417 1685 2475 102),

178 2509 292 2553 quae
321 2509 428 2538 vero
461 2510 591 2538 causa
631 2494 754 2537 nulla
796 2500 875 2536 est.
921 2492 1081 2549 Neque
1122 2492 1323 2535 eiusdem
1363 2492 1447 2535 viri
1479 2493 1595 2537 docti
1627 2494 1685 2536 de

179 2568 375 2612 carmine
395 2566 553 2612 CXVI
574 2582 754 2626 possum
774 2568 961 2626 probare
979 2565 1257 2621 sententiam,
1287 2565 1360 2624 qui
1382 2568 1442 2624 (p.
1463 2566 1556 2609 101.
1584 2565 1683 2619 102)

178 2641 457 2685 contenderit
506 2656 687 2685 carmen
729 2639 886 2683 CXVI
924 2640 1116 2699 primum
1163 2638 1360 2682 omnium
1401 2638 1447 2682 in
1482 2638 1683 2684 Gellium

180 2730 276 2759 esse
305 2714 561 2777 carminum.
609 2715 852 2760 Ita.autem
885 2714 1205 2775 interpretatur
1235 2713 1321 2757 hoc
1341 2727 1543 2759 carmen:
1572 2712 1680 2759 Gel-
