1848 2944
904 35 958 79 10

169 158 295 204 VIII
324 165 457 217 poeta
484 160 689 218 Lesbiae,
719 167 876 206 contra
906 170 1008 205 cum
1034 161 1209 206 tristem
1239 161 1334 207 eius
1352 161 1680 209 solit-udinem

169 239 304 292 poeta
334 235 395 279 ita
427 235 675 280 describat:

400 310 466 355 At
497 316 544 354 tu
576 310 765 369 dolebis,
797 326 899 355 cum
927 311 1162 370 rogaberis
1191 312 1330 356 nulla.

399 383 616 440 Scelesta,
648 387 802 430 vaetel
836 385 1031 443 quaetibi
1064 391 1215 431 manet
1245 386 1353 431 vita!
1534 444 1536 446 ῃ

402 459 515 514 Quis
544 475 665 503 nunc
700 466 745 503 te
774 459 953 504 adibit?
984 460 1053 503 cui
1083 459 1307 504 videberis
1338 461 1494 506 bella?

400 532 547 588 Quem
578 549 698 578 nunc
729 534 934 580 amabis?
964 534 1090 580 cuius
1120 549 1218 579 esse
1252 535 1451 581 diceris?

401 608 547 663 Quem
574 607 804 653 basiabis?
835 605 907 653 oui
936 607 1101 653 labella
1127 606 1389 655 mordebis?
1670 669 1673 670 ⁷

167 680 273 725 hinc
301 689 489 742 apparet
518 681 721 728 nondum
738 681 938 728 aemulos
956 681 1126 729 Catulli
1147 696 1249 729 cum
1264 679 1430 730 Lesbia
1457 682 1677 730 rationem

170 756 391 801 turbasse.
451 756 526 801 Me
562 757 742 817 quidem
772 757 918 801 iudice
949 763 1082 816 poeta
1112 758 1159 802 in
1190 757 1277 803 hoc
1299 757 1493 804 carmine
1516 758 1572 804 de
1591 756 1676 804 hac

168 829 316 874 solum
351 845 399 875 re
429 831 632 889 queritur
666 829 786 892 quod
815 831 980 877 Lesbia
1009 831 1096 876 iam
1127 844 1174 877 se
1216 830 1466 893 repudiarit
1493 832 1548 879 cf.
1578 850 1621 879 v.
1648 830 1677 879 9

168 906 305 950 ‘nunc
333 906 422 950 iam
454 906 531 950 illa
560 921 652 951 non
678 907 787 951 vult'
823 911 956 967 atque
989 922 1046 952 ex
1063 906 1171 968 ipsis
1184 904 1392 965 >versibus
1410 923 1521 969 quos
1540 905 1673 954 modo

164 980 382 1039 exscripsi
414 977 568 1040 colligi
599 988 746 1042 potest
775 997 866 1026 non
894 981 1153 1027 diuturnum
1184 983 1377 1041 spatium
1418 978 1676 1029 interfuisse

167 1056 286 1099 inter
317 1055 403 1100 hoc
436 1070 570 1101 carm.
605 1053 724 1100 VIII
745 1073 816 1101 -ac
861 1055 1055 1116 primum
1091 1055 1205 1101 illud
1247 1063 1424 1118 tempus
1470 1055 1674 1103 florentis

167 1129 442 1175 concordiae
477 1131 596 1175 inter
628 1129 841 1176 Lesbiam
880 1137 925 1175 et
957 1130 1185 1176 Catullum
1214 1132 1290 1186 (cf.
1318 1127 1458 1188 VIII,
1490 1132 1543 1177 18
1572 1143 1674 1177 cum

166 1218 230 1248 cc.
263 1201 322 1260 V,
350 1200 484 1261 VII).
517 1203 727 1250 Fortasse
746 1205 859 1250 levis
877 1209 1049 1251 tantum
1073 1204 1292 1251 dissensio
1315 1202 1470 1266 quales
1490 1213 1535 1252 et
1557 1205 1674 1252 inter

167 1283 368 1324 amantes
400 1279 619 1325 exsistere
650 1280 797 1324 solent
825 1280 941 1325 hanc
968 1277 1253 1325 concordiam
1283 1295 1336 1325 eo
1354 1276 1453 1341 ipso
1469 1287 1673 1340 tempore¹

168 1369 257 1413 quo
289 1369 325 1399 c.
356 1353 480 1399 VIII
514 1355 730 1416 scriptum
763 1361 831 1400 est
861 1355 1093 1414 paululum
1123 1353 1394 1402 turbaverat.
1444 1354 1615 1401 Versus
1647 1351 1671 1399 1

168 1442 278 1472 vero
294 1428 429 1473 huius
447 1430 676 1475 carminis:
710 1429 864 1483 ‘Miser
881 1429 1059 1476 Catulle
1077 1429 1254 1474 desinas
1269 1429 1472 1489 ineptire’
1505 1430 1673 1489 optime

165 1503 421 1547 declaratur
454 1519 494 1547 v.
526 1504 573 1547 2:
621 1503 695 1547 ‘Et
737 1502 858 1563 quod
897 1502 1024 1548 vides
1059 1503 1230 1564 perisse
1261 1501 1490 1562 perditum
1523 1499 1674 1550 ducas*

163 1582 213 1620 ut
243 1576 427 1621 minime
458 1577 515 1621 sit
544 1592 732 1622 necesse
765 1583 959 1621 statuere
987 1594 1029 1621 v.
1050 1578 1072 1620 1
1105 1584 1286 1636 poetam
1316 1592 1415 1621 sese
1444 1578 1672 1622 exhortari

164 1657 214 1694 ut
244 1652 299 1696 ab
331 1651 411 1695 illa
440 1668 541 1695 cum
566 1651 731 1696 Lesbia
759 1652 932 1696 ratione
958 1652 1206 1696 recederet.
1235 1677 1293 1686 —-
1321 1651 1447 1710 Ergo
1478 1652 1674 1697 carmina

166 1725 233 1782 II,
270 1725 357 1783 III,
392 1725 444 1781 V,
477 1725 583 1781 VII,
616 1726 735 1771 VIII
765 1740 856 1770 non
886 1726 983 1770 sine
1018 1738 1152 1771 causa
1181 1726 1265 1771 sibi
1297 1726 1443 1771 vicina
1473 1733 1588 1771 sunt.

278 1800 320 1843 2.
380 1800 476 1844 Iam
505 1800 762 1846 consideres
793 1813 957 1858 quaeso
990 1801 1190 1845 carmina
1203 1796 1532 1846 XV-XXVI-
1565 1801 1672 1847 Car-

164 1874 358 1919 minibus
389 1872 479 1919 XV
498 1881 543 1918 et
559 1873 674 1919 XXI
703 1874 932 1919 invehitur
962 1880 1096 1933 poeta
1124 1874 1172 1918 in
1189 1874 1425 1919 Aurelium
1452 1874 1673 1934 quendam

163 1948 239 2005 qui
268 1950 525 1994 Iuventium
560 1964 749 2008 puerum
780 1966 805 1992 a
835 1964 883 1993 sc
913 1948 1023 1993 velit
1061 1948 1269 1992 alienare.
1327 1948 1458 1993 Idem
1502 1948 1675 1992 crimini

163 2022 239 2066 dat
268 2022 408 2068 Furio
439 2023 592 2067 nescio
626 2024 708 2067 cui·
738 2023 786 2067 in
816 2038 951 2067 carm.
983 2021 1144 2066 XXIV
1173 2022 1262 2066 v.5
1281 2036 1399 2081 sqq„
1442 2032 1531 2080 quo
1572 2032 1675 2066 cum

163 2096 358 2141 carmine
389 2097 757 2156 coniungendam
787 2103 853 2141 est
895 2113 933 2141 c.
963 2096 1161 2154 XXIII,
1202 2096 1322 2140 unde
1354 2096 1674 2155 cognoscimus

162 2171 344 2215 demum
372 2187 410 2216 c.
442 2171 604 2217 XXIV
639 2172 857 2232 scriptum
889 2185 987 2216 esse
1015 2171 1064 2215 in
1092 2170 1281 2216 Furium
1314 2170 1392 2228 (cf.
1422 2161 1609 2228 XXIV,
1631 2168 1673 2216 δ.

161 2246 190 2290 6
219 2242 404 2303 XXIII,
436 2247 495 2302 1).
540 2246 751 2304 Utroque
783 2245 976 2290 carmine
1001 2251 1136 2306 poeta
1161 2245 1424 2290 tenuitatem
1441 2244 1566 2290 Furii
1597 2244 1673 2290 de-

160 2320 281 2377 risit3
327 2317 373 2365 in
416 2321 604 2367 eandem
646 2322 913 2366 sententiam
954 2320 1171 2381 scriptum
1220 2325 1288 2364 est
1333 2334 1468 2364 carm.
1500 2318 1673 2364 XXVI.

164 2395 445 2455 Quamquam
480 2395 599 2440 enim
632 2396 789 2455 optimi
824 2395 999 2440 codices
1032 2410 1212 2440 versum
1245 2396 1267 2437 1
1297 2394 1359 2437 ita
1394 2392 1637 2438 exhibenti

450 2470 574 2516 ‘Furi
606 2468 762 2515 villula
791 2477 994 2514 nostra
1024 2485 1117 2513 non
1147 2466 1204 2512 ad
1236 2467 1385 2512 austri’

160 2544 328 2589 arridet
346 2552 497 2589 tamen
516 2559 673 2589 eorum
696 2544 919 2589 sententia
937 2544 1011 2601 qui
1035 2559 1115 2603 pro
1146 2542 1321 2587 ‘nostra’
1355 2542 1530 2586 ‘vostra‘
1563 2533 1672 2609 scri-

159 2617 358 2664 bendum
388 2635 484 2664 esse
513 2625 798 2676 censuerunt,
828 2617 1055 2662 lenissima
1078 2616 1196 2661 enim
1216 2617 1458 2662 mutatione
1479 2615 1540 2659 ita
1569 2606 1672 2659 con*

162 2700 317 2738 centus
349 2695 480 2739 huius
514 2694 720 2739 carminis
748 2710 846 2738 cum
880 2692 1058 2748 XXIII,
1090 2692 1251 2738 XXIV
1283 2690 1488 2737 efficitur.
1527 2689 1583 2735 In
1607 2694 1670 2735 t'a-
