1848 2944
880 116 938 159 29

156 241 305 286 miani’
323 240 552 286 Catullum
571 240 788 295 rationem
804 240 1011 284 habuisse
1031 246 1265 299 antequam
1286 240 1354 284 his
1385 239 1657 286 carminibus

156 316 278 361 XLI.
295 315 460 360 XLIII
491 315 537 358 in
560 329 657 358 eam
682 315 982 372 inveheretur,
1005 330 1136 373 quam
1162 315 1379 359 rationem
1394 315 1473 359 vix
1502 314 1659 359 habuit

161 397 295 451 poeta
352 390 555 452 florente.
598 389 837 433 concordia
878 390 996 434 inter
1041 390 1186 448 ipsum
1233 389 1532 447 Lesbiamque
1579 390 1656 445 (cf.

159 464 369 510 Schwab.
398 481 440 522 p.
465 465 580 518 141).
652 464 786 520 Quod
834 465 1027 523 denique
1073 465 1128 507 ad
1168 480 1349 508 carmen
1386 464 1452 507 LI
1498 464 1656 506 attinet

158 536 258 581 ‘Ille
288 536 351 580 mi
375 551 458 595 par
489 550 585 580 esse
618 536 702 580 deo
737 537 925 581 videtur’
958 551 1040 596 per
1069 551 1114 581 se
1145 552 1235 581 non
1259 543 1327 580 est
1356 535 1657 582 necessarium

156 611 352 655 tribuere
393 611 478 654 hoc
519 625 700 655 carmen
744 611 889 669 primo
925 612 1117 671 tempori
1148 611 1310 655 amoris
1356 610 1558 654 Lesbiae.
1600 635 1657 641 —

155 685 293 731 Recte
325 691 426 745 post
461 701 497 728 c.
518 684 679 728 XXIX
711 684 776 741 (in
813 684 1051 730 Caesarem
1073 685 1342 730 Mamurram
1371 683 1654 744 Pompeium)

157 759 418 803 collocatum
453 765 520 801 est
551 773 732 802 carmen
744 759 852 803 LIV
873 759 939 815 (in
956 759 1227 816 Caesarem),
1257 765 1378 803 certo
1410 758 1529 802 enim
1558 772 1654 801 ver·

155 849 230 877 sus
260 833 299 877 6.
334 833 357 875 7
390 832 593 876 carminis
624 832 733 876 LIV

485 905 686 949 Irascere
717 905 879 948 iterum
910 906 1020 949 meis
1050 906 1208 949 iambis

484 980 812 1024 Inmerentibus
842 980 972 1024 unice
1003 981 1260 1039 imperator.

157 1054 381 1097 referendi
414 1060 517 1098 sunt
545 1054 597 1097 ad
635 1070 673 1097 c.
693 1054 855 1103 XXIX
884 1070 970 1112 quo
1000 1055 1205 1099 acerbius
1233 1055 1407 1099 nullum
1435 1055 1481 1098 in
1499 1054 1658 1100 Caesa-

155 1143 251 1172 rem
282 1143 462 1173 carmen
493 1129 717 1173 invenitur
749 1130 796 1174 in
815 1130 928 1173 libro
947 1129 1113 1174 Catulli
1131 1129 1293 1173 deinde
1324 1129 1489 1173 locutio
1512 1128 1656 1173 ‘unice

154 1203 406 1261 imperator'
451 1204 497 1246 in
532 1204 655 1260 LIV,
688 1205 711 1247 7
753 1204 871 1248 haud
910 1204 1044 1247 dubie
1081 1203 1269 1261 repetita
1311 1210 1378 1247 est
1418 1218 1442 1246 e
1480 1202 1656 1260 XXIX,

158 1277 223 1320 11.
257 1277 312 1320 12

481 1349 605 1393 Eone
637 1350 830 1406 nomine,
860 1350 1102 1410 imperator
1130 1350 1276 1406 unice,

478 1424 622 1470 Fuisti
652 1424 698 1469 in
728 1425 885 1468 ultima
914 1424 1156 1468 occidentis
1185 1424 1332 1468 insula
1364 1447 1431 1467 -.

269 1500 390 1557 Apte
423 1500 617 1556 denique
648 1506 749 1557 post
779 1514 958 1543 carmen
977 1500 1020 1541 V
1049 1500 1241 1558 positum
1273 1505 1341 1542 est
1368 1513 1503 1541 carm.
1525 1496 1655 1552 XVI,

155 1572 250 1616 sine
278 1572 578 1622 contraversia
609 1572 726 1616 enim
755 1572 881 1623 XVI,
918 1572 983 1616 12.
1014 1573 1079 1616 13.

479 1646 574 1690 Vos
608 1646 729 1704 quod
760 1647 881 1689 milia
917 1646 1056 1690 multa
1085 1647 1309 1691 basiorum

479 1720 691 1779 LegistiS,
724 1720 838 1764 male
872 1735 943 1763 me
975 1735 1143 1764 marem
1172 1720 1366 1779 putatis?

154 1798 308 1852 aperte
338 1793 575 1852 respicitur
603 1794 659 1837 ad
690 1794 749 1851 V,
768 1794 839 1837 10:

324 1867 446 1912 Dein
473 1884 574 1912 cum
602 1868 726 1912 milia
753 1868 893 1912 multa
924 1868 1161 1912 fecerimus
1190 1884 1249 1913 sc.
1278 1868 1517 1914 basiorum.

266 1940 361 1986 Sed
390 1958 481 1986 non
507 1943 638 2002 pauci
665 1950 769 1987 sunt
800 1942 868 1986 illi
911 1942 999 1985 loci
1039 1943 1198 2001 quibus
1246 1950 1499 2002 temporum
1540 1944 1654 1987 ratio

152 2016 360 2075 neglecta
392 2024 472 2061 est.
533 2016 776 2063 Omisimus
806 2033 940 2077 supra
970 2032 1149 2061 carmen
1163 2017 1233 2062 XI
1262 2033 1347 2075 quo
1380 2017 1654 2062 atrocissime

153 2106 251 2134 cum
298 2092 524 2136 renuntiet
565 2099 697 2152 poeta
740 2092 931 2137 Lesbiae
974 2107 1172 2139 amorem
1200 2091 1429 2137 v.15—24
1470 2099 1655 2153 apparet

152 2165 441 2210 novissimum
476 2166 562 2210 hoc
592 2166 787 2211 omnium
827 2182 925 2210 esse
956 2168 1201 2211 carminum
1233 2167 1289 2211 ad
1314 2167 1527 2211 Lesbiam
1554 2181 1653 2227 spe-

153 2238 363 2282 ctantium
381 2246 572 2299 excepto
588 2246 759 2284 tantum
778 2241 975 2284 carmine
990 2239 1159 2296 LVIII,
1179 2240 1258 2283 illa
1286 2240 1424 2297 igitur
1454 2240 1653 2284 carmina

154 2325 265 2370 quae
313 2311 598 2368 inveniuntur
641 2313 760 2358 inter
803 2329 838 2357 c.
865 2313 935 2357 XI
972 2319 1018 2358 et
1045 2312 1224 2357 LVIII:
1266 2312 1398 2371 XIII,
1432 2312 1653 2369 XXXVI,

151 2384 401 2444 XXXVII,
430 2387 603 2443 XLIII,
633 2388 699 2433 LI
738 2389 833 2432 sine
882 2388 1014 2432 dubio
1043 2395 1146 2431 ante
1176 2405 1212 2432 c.
1230 2388 1301 2431 XI
1341 2394 1444 2432 sunt
1473 2388 1652 2446 scripta,

155 2464 198 2501 et
229 2474 494 2520 quamquam
522 2461 698 2507 turbato
728 2461 908 2506 demum
928 2476 1077 2506 amore
1096 2460 1286 2506 Lesbiae
1304 2460 1517 2507 c.XLHI
1546 2460 1651 2506 scri-

152 2540 277 2589 ptum
307 2551 404 2580 csse
435 2537 567 2580 modo
592 2537 900 2581 contendimus
932 2536 1051 2595 quod
1082 2543 1281 2595 potest
1314 2536 1447 2580 etiam
1467 2535 1522 2579 de
1540 2535 1652 2579 c.LI

154 2608 297 2666 statui,
329 2616 477 2655 tamen
507 2626 599 2655 non
633 2617 700 2656 est
726 2611 824 2655 veri
856 2610 1000 2655 simile
1018 2610 1129 2654 haec
1150 2609 1345 2654 carmina
1359 2609 1527 2670 scripta
1552 2623 1651 2655 esse

153 2688 254 2737 post
283 2685 584 2729 trucissimum
620 2685 733 2729 illud
769 2702 807 2730 c.
824 2684 1056 2729 XXXVII
1087 2684 1241 2730 ‘Salax
1270 2686 1453 2728 taberna
1482 2699 1651 2743 vosque

153 2757 505 2809 contubernales’
553 2760 752 2818 (carmen
781 2758 901 2804 XIII
929 2773 1038 2803 vero
1069 2774 1177 2803 num
1210 2758 1335 2819 prius
1367 2759 1424 2804 sit
1455 2758 1652 2805 carmine
