<?xml version="1.0" encoding="UTF-8"?>
<!DOCTYPE html PUBLIC "-//W3C//DTD XHTML 1.0 Transitional//EN"
    "http://www.w3.org/TR/xhtml1/DTD/xhtml1-transitional.dtd">
<html xmlns="http://www.w3.org/1999/xhtml" xml:lang="en" lang="en">
 <head>
  <title>
</title>
<meta http-equiv="Content-Type" content="text/html;charset=utf-8" />
  <meta name='ocr-system' content='tesseract 3.04.00' />
  <meta name='ocr-capabilities' content='ocr_page ocr_carea ocr_par ocr_line ocrx_word'/>
</head>
<body>
  <div class='ocr_page' id='page_1' title='image "4737193_0028.png"; bbox 0 0 1848 2944; ppageno 0'>
   <div class='ocr_carea' id='block_1_1' title="bbox 893 80 1012 150">
    <p class='ocr_par' dir='ltr' id='par_1_1' title="bbox 893 80 1012 150">
     <span class='ocr_line' id='line_1_1' title="bbox 893 80 1012 150; baseline 0 -17"><span class='ocrx_word' id='word_1_1' title='bbox 893 80 1012 150; x_wconf 24' lang='lat'>&#39;18-</span> 
     </span>
    </p>
   </div>
   <div class='ocr_carea' id='block_1_2' title="bbox 160 213 1681 2806">
    <p class='ocr_par' dir='ltr' id='par_1_2' title="bbox 168 213 1676 349">
     <span class='ocr_line' id='line_1_2' title="bbox 176 213 1676 274; baseline 0.003 -17"><span class='ocrx_word' id='word_1_2' title='bbox 176 213 435 274; x_wconf 89' lang='lat' dir='ltr'>possedicse</span> <span class='ocrx_word' id='word_1_3' title='bbox 467 230 663 260; x_wconf 87' lang='lat' dir='ltr'>amorem</span> <span class='ocrx_word' id='word_1_4' title='bbox 696 215 916 261; x_wconf 77' lang='lat' dir='ltr'><strong>Lesbiae?</strong></span> <span class='ocrx_word' id='word_1_5' title='bbox 974 216 1031 261; x_wconf 92' lang='lat' dir='ltr'>In</span> <span class='ocrx_word' id='word_1_6' title='bbox 1062 215 1248 269; x_wconf 82' lang='lat' dir='ltr'>eandem</span> <span class='ocrx_word' id='word_1_7' title='bbox 1284 216 1550 261; x_wconf 73' lang='lat' dir='ltr'><strong>sententiam</strong></span> <span class='ocrx_word' id='word_1_8' title='bbox 1582 227 1676 261; x_wconf 78' lang='lat' dir='ltr'>car·</span> 
     </span>
     <span class='ocr_line' id='line_1_3' title="bbox 168 288 1529 349; baseline 0.001 -17"><span class='ocrx_word' id='word_1_9' title='bbox 168 303 274 333; x_wconf 89' lang='lat' dir='ltr'>men</span> <span class='ocrx_word' id='word_1_10' title='bbox 309 288 468 333; x_wconf 87' lang='lat' dir='ltr'><strong>LVIII</strong></span> <span class='ocrx_word' id='word_1_11' title='bbox 500 295 568 334; x_wconf 91' lang='lat' dir='ltr'>est</span> <span class='ocrx_word' id='word_1_12' title='bbox 597 289 1005 349; x_wconf 81' lang='lat' dir='ltr'>interpretandum:</span> <span class='ocrx_word' id='word_1_13' title='bbox 1527 300 1529 302; x_wconf 76' lang='grc'><strong><em>’</em></strong></span> 
     </span>
    </p>

    <p class='ocr_par' dir='ltr' id='par_1_3' title="bbox 445 364 1306 423">
     <span class='ocr_line' id='line_1_4' title="bbox 445 364 1306 423; baseline 0 -14"><span class='ocrx_word' id='word_1_14' title='bbox 445 364 601 420; x_wconf 82' lang='lat' dir='ltr'>‘Caeli‚</span> <span class='ocrx_word' id='word_1_15' title='bbox 631 364 795 410; x_wconf 84' lang='lat' dir='ltr'>Lesbia</span> <span class='ocrx_word' id='word_1_16' title='bbox 826 372 991 422; x_wconf 85' lang='lat' dir='ltr'>nostra,</span> <span class='ocrx_word' id='word_1_17' title='bbox 1021 365 1184 409; x_wconf 82' lang='lat' dir='ltr'>Lesbia</span> <span class='ocrx_word' id='word_1_18' title='bbox 1215 366 1306 423; x_wconf 83' lang='lat' dir='ltr'>illa,</span> 
     </span>
    </p>

    <p class='ocr_par' dir='ltr' id='par_1_4' title="bbox 447 437 1281 496">
     <span class='ocr_line' id='line_1_5' title="bbox 447 437 1281 496; baseline 0.001 -13"><span class='ocrx_word' id='word_1_19' title='bbox 447 438 534 483; x_wconf 86' lang='lat' dir='ltr'>Illa</span> <span class='ocrx_word' id='word_1_20' title='bbox 561 437 724 483; x_wconf 79' lang='lat' dir='ltr'>Lesbia</span> <span class='ocrx_word' id='word_1_21' title='bbox 752 453 881 496; x_wconf 88' lang='lat' dir='ltr'>quam</span> <span class='ocrx_word' id='word_1_22' title='bbox 917 438 1121 483; x_wconf 80' lang='lat' dir='ltr'><strong>Catullus</strong></span> <span class='ocrx_word' id='word_1_23' title='bbox 1148 455 1281 484; x_wconf 87' lang='lat' dir='ltr'>unam</span> 
     </span>
    </p>

    <p class='ocr_par' dir='ltr' id='par_1_5' title="bbox 443 512 1487 571">
     <span class='ocr_line' id='line_1_6' title="bbox 443 512 1487 571; baseline 0.002 -16"><span class='ocrx_word' id='word_1_24' title='bbox 443 512 552 557; x_wconf 91' lang='lat' dir='ltr'>Plus</span> <span class='ocrx_word' id='word_1_25' title='bbox 585 528 715 570; x_wconf 85' lang='lat' dir='ltr'>quam</span> <span class='ocrx_word' id='word_1_26' title='bbox 746 527 794 557; x_wconf 89' lang='lat' dir='ltr'>sc</span> <span class='ocrx_word' id='word_1_27' title='bbox 824 519 956 571; x_wconf 89' lang='lat' dir='ltr'>atque</span> <span class='ocrx_word' id='word_1_28' title='bbox 988 529 1091 557; x_wconf 90' lang='lat' dir='ltr'>suos</span> <span class='ocrx_word' id='word_1_29' title='bbox 1124 513 1286 557; x_wconf 85' lang='lat' dir='ltr'>amavit</span> <span class='ocrx_word' id='word_1_30' title='bbox 1319 528 1487 571; x_wconf 82' lang='lat' dir='ltr'>omnes,</span> 
     </span>
    </p>

    <p class='ocr_par' dir='ltr' id='par_1_6' title="bbox 445 588 1285 648">
     <span class='ocr_line' id='line_1_7' title="bbox 445 588 1285 648; baseline -0.001 -15"><span class='ocrx_word' id='word_1_31' title='bbox 445 588 579 642; x_wconf 81' lang='lat' dir='ltr'>Nune</span> <span class='ocrx_word' id='word_1_32' title='bbox 605 588 653 631; x_wconf 89' lang='lat' dir='ltr'>in</span> <span class='ocrx_word' id='word_1_33' title='bbox 688 588 929 647; x_wconf 83' lang='lat' dir='ltr'>quadriviis</span> <span class='ocrx_word' id='word_1_34' title='bbox 960 594 1005 632; x_wconf 87' lang='lat' dir='ltr'>et</span> <span class='ocrx_word' id='word_1_35' title='bbox 1036 588 1285 648; x_wconf 84' lang='lat' dir='ltr'>angiportis</span> 
     </span>
    </p>

    <p class='ocr_par' dir='ltr' id='par_1_7' title="bbox 445 662 1345 721">
     <span class='ocr_line' id='line_1_8' title="bbox 445 662 1345 721; baseline -0.001 -14"><span class='ocrx_word' id='word_1_36' title='bbox 445 662 607 707; x_wconf 81' lang='lat' dir='ltr'>Glubit</span> <span class='ocrx_word' id='word_1_37' title='bbox 634 663 945 719; x_wconf 85' lang='lat' dir='ltr'>magnanimos</span> <span class='ocrx_word' id='word_1_38' title='bbox 972 663 1102 706; x_wconf 83' lang='lat' dir='ltr'>Remi</span> <span class='ocrx_word' id='word_1_39' title='bbox 1130 663 1345 721; x_wconf 82' lang='lat' dir='ltr'>nepotes&#39;.</span> 
     </span>
    </p>

    <p class='ocr_par' dir='ltr' id='par_1_8' title="bbox 285 736 1677 796">
     <span class='ocr_line' id='line_1_9' title="bbox 285 736 1677 796; baseline 0.001 -17"><span class='ocrx_word' id='word_1_40' title='bbox 285 737 357 779; x_wconf 91' lang='lat' dir='ltr'>De</span> <span class='ocrx_word' id='word_1_41' title='bbox 389 736 475 780; x_wconf 91' lang='lat' dir='ltr'>hoc</span> <span class='ocrx_word' id='word_1_42' title='bbox 508 736 702 780; x_wconf 81' lang='lat' dir='ltr'>carmine</span> <span class='ocrx_word' id='word_1_43' title='bbox 724 736 917 794; x_wconf 85' lang='lat' dir='ltr'>legimus</span> <span class='ocrx_word' id='word_1_44' title='bbox 941 736 1058 795; x_wconf 86' lang='lat' dir='ltr'>apud</span> <span class='ocrx_word' id='word_1_45' title='bbox 1077 737 1481 795; x_wconf 85' lang='lat' dir='ltr'>Iungclaussenum</span> <span class='ocrx_word' id='word_1_46' title='bbox 1499 738 1561 796; x_wconf 88' lang='lat' dir='ltr'>(p.</span> <span class='ocrx_word' id='word_1_47' title='bbox 1580 736 1677 792; x_wconf 82' lang='lat'>16):</span> 
     </span>
    </p>

    <p class='ocr_par' dir='ltr' id='par_1_9' title="bbox 160 810 1681 2806">
     <span class='ocr_line' id='line_1_10' title="bbox 172 810 1678 867; baseline 0 -12"><span class='ocrx_word' id='word_1_48' title='bbox 172 812 243 843; x_wconf 85' lang='lat'>‘—-</span> <span class='ocrx_word' id='word_1_49' title='bbox 273 811 457 855; x_wconf 87' lang='lat' dir='ltr'>Damals</span> <span class='ocrx_word' id='word_1_50' title='bbox 500 810 677 854; x_wconf 88' lang='lat' dir='ltr'>schrieb</span> <span class='ocrx_word' id='word_1_51' title='bbox 710 810 860 855; x_wconf 87' lang='lat' dir='ltr'>Catull</span> <span class='ocrx_word' id='word_1_52' title='bbox 890 827 924 856; x_wconf 90' lang='lat' dir='ltr'>c.</span> <span class='ocrx_word' id='word_1_53' title='bbox 940 811 996 854; x_wconf 82' lang='lat'>58</span> <span class='ocrx_word' id='word_1_54' title='bbox 1032 827 1087 854; x_wconf 92' lang='lat' dir='ltr'>an</span> <span class='ocrx_word' id='word_1_55' title='bbox 1130 810 1216 854; x_wconf 90' lang='lat' dir='ltr'>den</span> <span class='ocrx_word' id='word_1_56' title='bbox 1256 811 1449 867; x_wconf 81' lang='lat' dir='ltr'>Caelius,</span> <span class='ocrx_word' id='word_1_57' title='bbox 1491 811 1538 855; x_wconf 90' lang='lat' dir='ltr'>in</span> <span class='ocrx_word' id='word_1_58' title='bbox 1574 811 1678 855; x_wconf 83' lang='lat' dir='ltr'>wel-</span> 
     </span>
     <span class='ocr_line' id='line_1_11' title="bbox 174 884 1677 944; baseline 0.001 -15"><span class='ocrx_word' id='word_1_59' title='bbox 174 887 303 929; x_wconf 88' lang='lat' dir='ltr'>chem</span> <span class='ocrx_word' id='word_1_60' title='bbox 339 900 388 929; x_wconf 90' lang='lat' dir='ltr'>er</span> <span class='ocrx_word' id='word_1_61' title='bbox 417 884 489 928; x_wconf 89' lang='lat' dir='ltr'>die</span> <span class='ocrx_word' id='word_1_62' title='bbox 520 884 816 929; x_wconf 88' lang='lat' dir='ltr'>Prostitution</span> <span class='ocrx_word' id='word_1_63' title='bbox 851 885 932 929; x_wconf 90' lang='lat' dir='ltr'>der</span> <span class='ocrx_word' id='word_1_64' title='bbox 956 884 1114 929; x_wconf 84' lang='lat' dir='ltr'>Clodia</span> <span class='ocrx_word' id='word_1_65' title='bbox 1146 885 1346 944; x_wconf 84' lang='lat' dir='ltr'>geisselt.</span> <span class='ocrx_word' id='word_1_66' title='bbox 1376 886 1466 931; x_wconf 88' lang='lat' dir='ltr'>Die</span> <span class='ocrx_word' id='word_1_67' title='bbox 1497 885 1677 930; x_wconf 78' lang='lat' dir='ltr'>friihere</span> 
     </span>
     <span class='ocr_line' id='line_1_12' title="bbox 164 958 1679 1018; baseline 0 -14"><span class='ocrx_word' id='word_1_68' title='bbox 164 960 644 1005; x_wconf 83' lang='lat' dir='ltr'>-Nebenbuhlcrschaft</span> <span class='ocrx_word' id='word_1_69' title='bbox 676 959 755 1002; x_wconf 87' lang='lat' dir='ltr'>des</span> <span class='ocrx_word' id='word_1_70' title='bbox 790 958 969 1003; x_wconf 85' lang='lat' dir='ltr'>Caelius</span> <span class='ocrx_word' id='word_1_71' title='bbox 1003 961 1201 1003; x_wconf 84' lang='lat' dir='ltr'>erweckt</span> <span class='ocrx_word' id='word_1_72' title='bbox 1229 975 1322 1003; x_wconf 92' lang='lat' dir='ltr'>nun</span> <span class='ocrx_word' id='word_1_73' title='bbox 1362 961 1527 1018; x_wconf 59' lang='lat' dir='ltr'>lgeinen</span> <span class='ocrx_word' id='word_1_74' title='bbox 1559 960 1679 1004; x_wconf 86' lang='lat' dir='ltr'>Zorn</span> 
     </span>
     <span class='ocr_line' id='line_1_13' title="bbox 173 1033 1679 1091; baseline 0.001 -14"><span class='ocrx_word' id='word_1_75' title='bbox 173 1034 301 1077; x_wconf 87' lang='lat' dir='ltr'>mehr</span> <span class='ocrx_word' id='word_1_76' title='bbox 330 1033 403 1076; x_wconf 89' lang='lat' dir='ltr'>bei</span> <span class='ocrx_word' id='word_1_77' title='bbox 424 1033 586 1089; x_wconf 83' lang='lat' dir='ltr'>Catull,</span> <span class='ocrx_word' id='word_1_78' title='bbox 622 1048 670 1076; x_wconf 89' lang='lat' dir='ltr'>er</span> <span class='ocrx_word' id='word_1_79' title='bbox 703 1039 805 1090; x_wconf 82' lang='lat' dir='ltr'>sagt</span> <span class='ocrx_word' id='word_1_80' title='bbox 835 1034 936 1077; x_wconf 85' lang='lat' dir='ltr'>dort</span> <span class='ocrx_word' id='word_1_81' title='bbox 966 1034 1046 1076; x_wconf 88' lang='lat' dir='ltr'>mit</span> <span class='ocrx_word' id='word_1_82' title='bbox 1076 1034 1283 1091; x_wconf 84' lang='lat' dir='ltr'>rubigem</span> <span class='ocrx_word' id='word_1_83' title='bbox 1301 1033 1413 1080; x_wconf 84' lang='lat' dir='ltr'>Sinn</span> <span class='ocrx_word' id='word_1_84' title='bbox 1443 1034 1527 1077; x_wconf 86' lang='lat'><strong>—-’.</strong></span> <span class='ocrx_word' id='word_1_85' title='bbox 1560 1034 1679 1090; x_wconf 81' lang='lat' dir='ltr'>Quo-</span> 
     </span>
     <span class='ocr_line' id='line_1_14' title="bbox 176 1107 1679 1167; baseline 0.001 -16"><span class='ocrx_word' id='word_1_86' title='bbox 176 1125 276 1152; x_wconf 91' lang='lat' dir='ltr'>cum</span> <span class='ocrx_word' id='word_1_87' title='bbox 293 1107 562 1153; x_wconf 86' lang='lat' dir='ltr'>Schwabius</span> <span class='ocrx_word' id='word_1_88' title='bbox 589 1108 768 1151; x_wconf 81' lang='lat' dir='ltr'>videtur</span> <span class='ocrx_word' id='word_1_89' title='bbox 788 1109 1043 1152; x_wconf 81' lang='lat' dir='ltr'>consentire</span> <span class='ocrx_word' id='word_1_90' title='bbox 1063 1109 1127 1167; x_wconf 88' lang='lat' dir='ltr'>(p.</span> <span class='ocrx_word' id='word_1_91' title='bbox 1144 1109 1273 1166; x_wconf 79' lang='lat'><strong>127):</strong></span> <span class='ocrx_word' id='word_1_92' title='bbox 1299 1110 1367 1141; x_wconf 79' lang='lat'>‘——</span> <span class='ocrx_word' id='word_1_93' title='bbox 1398 1109 1556 1152; x_wconf 90' lang='lat' dir='ltr'>eodem</span> <span class='ocrx_word' id='word_1_94' title='bbox 1585 1110 1679 1153; x_wconf 87' lang='lat' dir='ltr'>fere</span> 
     </span>
     <span class='ocr_line' id='line_1_15' title="bbox 175 1183 1679 1242; baseline 0.001 -17"><span class='ocrx_word' id='word_1_95' title='bbox 175 1190 378 1241; x_wconf 83' lang='lat' dir='ltr'>tempore</span> <span class='ocrx_word' id='word_1_96' title='bbox 416 1188 552 1241; x_wconf 87' lang='lat' dir='ltr'>poeta</span> <span class='ocrx_word' id='word_1_97' title='bbox 594 1198 685 1225; x_wconf 90' lang='lat' dir='ltr'>non</span> <span class='ocrx_word' id='word_1_98' title='bbox 724 1188 813 1224; x_wconf 91' lang='lat' dir='ltr'>tam</span> <span class='ocrx_word' id='word_1_99' title='bbox 851 1183 987 1225; x_wconf 85' lang='lat' dir='ltr'>iratus</span> <span class='ocrx_word' id='word_1_100' title='bbox 1023 1189 1066 1226; x_wconf 87' lang='lat' dir='ltr'>et</span> <span class='ocrx_word' id='word_1_101' title='bbox 1101 1183 1410 1241; x_wconf 80' lang='lat' dir='ltr'>desperatione</span> <span class='ocrx_word' id='word_1_102' title='bbox 1442 1196 1679 1242; x_wconf 86' lang='lat' dir='ltr'>oppressus</span> 
     </span>
     <span class='ocr_line' id='line_1_16' title="bbox 175 1255 1679 1316; baseline 0.001 -16"><span class='ocrx_word' id='word_1_103' title='bbox 175 1258 243 1314; x_wconf 86' lang='lat' dir='ltr'>(ut</span> <span class='ocrx_word' id='word_1_104' title='bbox 276 1257 473 1301; x_wconf 83' lang='lat' dir='ltr'>carmine</span> <span class='ocrx_word' id='word_1_105' title='bbox 504 1255 729 1300; x_wconf 88' lang='lat' dir='ltr'><strong>LXXVII</strong></span> <span class='ocrx_word' id='word_1_106' title='bbox 747 1280 800 1287; x_wconf 75' lang='lat'>--</span> <span class='ocrx_word' id='word_1_107' title='bbox 818 1260 894 1313; x_wconf 78' lang='lat'>—-)</span> <span class='ocrx_word' id='word_1_108' title='bbox 929 1272 1060 1315; x_wconf 89' lang='lat' dir='ltr'>quam</span> <span class='ocrx_word' id='word_1_109' title='bbox 1090 1256 1237 1301; x_wconf 88' lang='lat' dir='ltr'>animo</span> <span class='ocrx_word' id='word_1_110' title='bbox 1268 1271 1409 1316; x_wconf 89' lang='lat' dir='ltr'>aequo</span> <span class='ocrx_word' id='word_1_111' title='bbox 1442 1273 1493 1301; x_wconf 91' lang='lat' dir='ltr'>ac</span> <span class='ocrx_word' id='word_1_112' title='bbox 1526 1257 1679 1302; x_wconf 85' lang='lat' dir='ltr'>sedato</span> 
     </span>
     <span class='ocr_line' id='line_1_17' title="bbox 176 1332 1679 1391; baseline 0.001 -14"><span class='ocrx_word' id='word_1_113' title='bbox 176 1348 355 1377; x_wconf 91' lang='lat' dir='ltr'>carmen</span> <span class='ocrx_word' id='word_1_114' title='bbox 382 1333 539 1391; x_wconf 85' lang='lat' dir='ltr'><strong>LVIII</strong></span> <span class='ocrx_word' id='word_1_115' title='bbox 579 1333 635 1376; x_wconf 86' lang='lat' dir='ltr'>ad</span> <span class='ocrx_word' id='word_1_116' title='bbox 680 1333 870 1376; x_wconf 88' lang='lat' dir='ltr'>eundem</span> <span class='ocrx_word' id='word_1_117' title='bbox 909 1334 968 1378; x_wconf 93' lang='lat' dir='ltr'>M.</span> <span class='ocrx_word' id='word_1_118' title='bbox 1004 1332 1203 1377; x_wconf 85' lang='lat' dir='ltr'>Caelium</span> <span class='ocrx_word' id='word_1_119' title='bbox 1234 1333 1401 1378; x_wconf 88' lang='lat' dir='ltr'>Rufum</span> <span class='ocrx_word' id='word_1_120' title='bbox 1437 1334 1581 1379; x_wconf 89' lang='lat' dir='ltr'>misit’.</span> <span class='ocrx_word' id='word_1_121' title='bbox 1627 1360 1679 1366; x_wconf 86' lang='lat'>—</span> 
     </span>
     <span class='ocr_line' id='line_1_18' title="bbox 160 1407 1677 1467; baseline 0.001 -15"><span class='ocrx_word' id='word_1_122' title='bbox 160 1408 315 1456; x_wconf 64' lang='lat' dir='ltr'>,Omni</span> <span class='ocrx_word' id='word_1_123' title='bbox 345 1409 484 1465; x_wconf 83' lang='lat' dir='ltr'>igitur</span> <span class='ocrx_word' id='word_1_124' title='bbox 514 1408 560 1450; x_wconf 88' lang='lat' dir='ltr'>vi</span> <span class='ocrx_word' id='word_1_125' title='bbox 593 1414 741 1452; x_wconf 86' lang='lat' dir='ltr'>careat</span> <span class='ocrx_word' id='word_1_126' title='bbox 768 1424 933 1452; x_wconf 90' lang='lat' dir='ltr'>nomen</span> <span class='ocrx_word' id='word_1_127' title='bbox 961 1407 1116 1453; x_wconf 80' lang='lat' dir='ltr'>‘Caeli’</span> <span class='ocrx_word' id='word_1_128' title='bbox 1158 1408 1205 1451; x_wconf 90' lang='lat' dir='ltr'>in</span> <span class='ocrx_word' id='word_1_129' title='bbox 1245 1409 1390 1467; x_wconf 88' lang='lat' dir='ltr'>capite</span> <span class='ocrx_word' id='word_1_130' title='bbox 1421 1409 1551 1453; x_wconf 90' lang='lat' dir='ltr'>huius</span> <span class='ocrx_word' id='word_1_131' title='bbox 1585 1425 1677 1453; x_wconf 86' lang='lat' dir='ltr'>car-</span> 
     </span>
     <span class='ocr_line' id='line_1_19' title="bbox 176 1475 1676 1541; baseline -0.001 -15"><span class='ocrx_word' id='word_1_132' title='bbox 176 1483 344 1526; x_wconf 74' lang='lat' dir='ltr'>minis?</span> <span class='ocrx_word' id='word_1_133' title='bbox 378 1482 439 1525; x_wconf 84' lang='lat' dir='ltr'>ita</span> <span class='ocrx_word' id='word_1_134' title='bbox 470 1497 575 1526; x_wconf 91' lang='lat' dir='ltr'>sane</span> <span class='ocrx_word' id='word_1_135' title='bbox 609 1489 674 1525; x_wconf 85' lang='lat' dir='ltr'>sat</span> <span class='ocrx_word' id='word_1_136' title='bbox 703 1482 965 1541; x_wconf 83' lang='lat' dir='ltr'>languidum</span> <span class='ocrx_word' id='word_1_137' title='bbox 999 1489 1065 1525; x_wconf 86' lang='lat' dir='ltr'>est</span> <span class='ocrx_word' id='word_1_138' title='bbox 1095 1482 1179 1525; x_wconf 86' lang='lat' dir='ltr'>hoc</span> <span class='ocrx_word' id='word_1_139' title='bbox 1203 1498 1241 1526; x_wconf 86' lang='lat' dir='ltr'>c.</span> <span class='ocrx_word' id='word_1_140' title='bbox 1261 1482 1438 1527; x_wconf 90' lang='lat' dir='ltr'><strong>LVIII.</strong></span> <span class='ocrx_word' id='word_1_141' title='bbox 1497 1475 1676 1527; x_wconf 78' lang='lat' dir='ltr'>Inducti</span> 
     </span>
     <span class='ocr_line' id='line_1_20' title="bbox 171 1556 1678 1615; baseline 0.001 -15"><span class='ocrx_word' id='word_1_142' title='bbox 171 1557 383 1600; x_wconf 87' lang='lat' dir='ltr'>videntur</span> <span class='ocrx_word' id='word_1_143' title='bbox 414 1571 509 1600; x_wconf 86' lang='lat' dir='ltr'>esse</span> <span class='ocrx_word' id='word_1_144' title='bbox 541 1556 917 1614; x_wconf 85' lang='lat' dir='ltr'>Iungclaussenus</span> <span class='ocrx_word' id='word_1_145' title='bbox 952 1563 1007 1607; x_wconf 33' lang='lat' dir='ltr'>et·</span> <span class='ocrx_word' id='word_1_146' title='bbox 1029 1556 1293 1601; x_wconf 86' lang='lat' dir='ltr'>Schwabius</span> <span class='ocrx_word' id='word_1_147' title='bbox 1324 1571 1536 1615; x_wconf 86' lang='lat' dir='ltr'>perversa</span> <span class='ocrx_word' id='word_1_148' title='bbox 1566 1557 1678 1601; x_wconf 87' lang='lat' dir='ltr'>hace</span> 
     </span>
     <span class='ocr_line' id='line_1_21' title="bbox 174 1629 1678 1690; baseline 0 -16"><span class='ocrx_word' id='word_1_149' title='bbox 174 1630 307 1675; x_wconf 81' lang='lat' dir='ltr'>Statii</span> <span class='ocrx_word' id='word_1_150' title='bbox 340 1630 640 1690; x_wconf 86' lang='lat' dir='ltr'>explicatione</span> <span class='ocrx_word' id='word_1_151' title='bbox 677 1630 802 1674; x_wconf 86' lang='lat' dir='ltr'>verbi</span> <span class='ocrx_word' id='word_1_152' title='bbox 845 1630 1022 1673; x_wconf 83' lang='lat' dir='ltr'>‘nostra’</span> <span class='ocrx_word' id='word_1_153' title='bbox 1055 1629 1100 1672; x_wconf 89' lang='lat' dir='ltr'>in</span> <span class='ocrx_word' id='word_1_154' title='bbox 1130 1629 1273 1688; x_wconf 85' lang='lat' dir='ltr'>primo</span> <span class='ocrx_word' id='word_1_155' title='bbox 1306 1630 1434 1674; x_wconf 89' lang='lat' dir='ltr'>huius</span> <span class='ocrx_word' id='word_1_156' title='bbox 1470 1630 1678 1674; x_wconf 83' lang='lat' dir='ltr'>carminis</span> 
     </span>
     <span class='ocr_line' id='line_1_22' title="bbox 171 1703 1679 1763; baseline 0.001 -16"><span class='ocrx_word' id='word_1_157' title='bbox 171 1721 331 1750; x_wconf 87' lang='lat' dir='ltr'>versu:</span> <span class='ocrx_word' id='word_1_158' title='bbox 366 1705 592 1750; x_wconf 74' lang='lat' dir='ltr'>‘Nostram</span> <span class='ocrx_word' id='word_1_159' title='bbox 623 1704 743 1762; x_wconf 81' lang='lat' dir='ltr'>dicit,</span> <span class='ocrx_word' id='word_1_160' title='bbox 778 1704 896 1763; x_wconf 89' lang='lat' dir='ltr'>quod</span> <span class='ocrx_word' id='word_1_161' title='bbox 928 1703 1109 1749; x_wconf 84' lang='lat' dir='ltr'>Coelius</span> <span class='ocrx_word' id='word_1_162' title='bbox 1142 1704 1272 1748; x_wconf 86' lang='lat' dir='ltr'>etiam</span> <span class='ocrx_word' id='word_1_163' title='bbox 1300 1704 1521 1761; x_wconf 87' lang='lat' dir='ltr'>Lesbiam,</span> <span class='ocrx_word' id='word_1_164' title='bbox 1548 1704 1595 1749; x_wconf 83' lang='lat' dir='ltr'>id</span> <span class='ocrx_word' id='word_1_165' title='bbox 1612 1712 1679 1749; x_wconf 89' lang='lat' dir='ltr'>est</span> 
     </span>
     <span class='ocr_line' id='line_1_23' title="bbox 176 1778 1676 1838; baseline 0 -15"><span class='ocrx_word' id='word_1_166' title='bbox 176 1780 383 1824; x_wconf 85' lang='lat' dir='ltr'>Clodiam</span> <span class='ocrx_word' id='word_1_167' title='bbox 414 1779 600 1823; x_wconf 84' lang='lat' dir='ltr'>amarit’.</span> <span class='ocrx_word' id='word_1_168' title='bbox 673 1779 893 1838; x_wconf 87' lang='lat' dir='ltr'>Equidem</span> <span class='ocrx_word' id='word_1_169' title='bbox 935 1785 1089 1823; x_wconf 83' lang='lat' dir='ltr'>contra</span> <span class='ocrx_word' id='word_1_170' title='bbox 1125 1778 1276 1822; x_wconf 89' lang='lat' dir='ltr'>iudico</span> <span class='ocrx_word' id='word_1_171' title='bbox 1315 1794 1469 1822; x_wconf 89' lang='lat' dir='ltr'>vocem</span> <span class='ocrx_word' id='word_1_172' title='bbox 1499 1779 1676 1823; x_wconf 82' lang='lat' dir='ltr'>‘nostra’</span> 
     </span>
     <span class='ocr_line' id='line_1_24' title="bbox 171 1847 1679 1898; baseline 0.001 -1"><span class='ocrx_word' id='word_1_173' title='bbox 171 1856 257 1898; x_wconf 86' lang='lat' dir='ltr'>hoc</span> <span class='ocrx_word' id='word_1_174' title='bbox 284 1847 389 1898; x_wconf 45' lang='lat' dir='ltr'>&#39;loco</span> <span class='ocrx_word' id='word_1_175' title='bbox 422 1854 543 1897; x_wconf 85' lang='lat' dir='ltr'>idem</span> <span class='ocrx_word' id='word_1_176' title='bbox 571 1855 723 1897; x_wconf 86' lang='lat' dir='ltr'>valere</span> <span class='ocrx_word' id='word_1_177' title='bbox 755 1870 806 1896; x_wconf 85' lang='lat' dir='ltr'>ac</span> <span class='ocrx_word' id='word_1_178' title='bbox 833 1854 972 1897; x_wconf 80' lang='lat' dir='ltr'>‘mea’.</span> <span class='ocrx_word' id='word_1_179' title='bbox 1047 1853 1210 1898; x_wconf 89' lang='lat' dir='ltr'>Mirum</span> <span class='ocrx_word' id='word_1_180' title='bbox 1257 1853 1375 1897; x_wconf 89' lang='lat' dir='ltr'>enim</span> <span class='ocrx_word' id='word_1_181' title='bbox 1416 1854 1462 1897; x_wconf 90' lang='lat' dir='ltr'>in</span> <span class='ocrx_word' id='word_1_182' title='bbox 1499 1853 1679 1898; x_wconf 86' lang='lat' dir='ltr'>modum</span> 
     </span>
     <span class='ocr_line' id='line_1_25' title="bbox 177 1928 1677 1987; baseline 0.001 -16"><span class='ocrx_word' id='word_1_183' title='bbox 177 1929 378 1972; x_wconf 85' lang='lat' dir='ltr'>Catullus</span> <span class='ocrx_word' id='word_1_184' title='bbox 411 1943 493 1986; x_wconf 90' lang='lat' dir='ltr'>pro</span> <span class='ocrx_word' id='word_1_185' title='bbox 518 1928 668 1971; x_wconf 76' lang='lat' dir='ltr'>‘meus’</span> <span class='ocrx_word' id='word_1_186' title='bbox 690 1928 804 1987; x_wconf 85' lang='lat' dir='ltr'>‘ego’</span> <span class='ocrx_word' id='word_1_187' title='bbox 830 1928 944 1971; x_wconf 89' lang='lat' dir='ltr'>solet</span> <span class='ocrx_word' id='word_1_188' title='bbox 971 1942 1188 1985; x_wconf 88' lang='lat' dir='ltr'>usurpare</span> <span class='ocrx_word' id='word_1_189' title='bbox 1217 1943 1348 1971; x_wconf 87' lang='lat' dir='ltr'>voces</span> <span class='ocrx_word' id='word_1_190' title='bbox 1369 1928 1548 1972; x_wconf 83' lang='lat' dir='ltr'>‘noster’</span> <span class='ocrx_word' id='word_1_191' title='bbox 1570 1928 1677 1972; x_wconf 83' lang='lat' dir='ltr'>‘n&#39;os’</span> 
     </span>
     <span class='ocr_line' id='line_1_26' title="bbox 173 2001 1679 2061; baseline 0.001 -16"><span class='ocrx_word' id='word_1_192' title='bbox 173 2004 249 2059; x_wconf 85' lang='lat' dir='ltr'>(cf.</span> <span class='ocrx_word' id='word_1_193' title='bbox 280 2003 335 2045; x_wconf 88' lang='lat' dir='ltr'>de</span> <span class='ocrx_word' id='word_1_194' title='bbox 376 2003 642 2061; x_wconf 89' lang='lat' dir='ltr'>pronomine</span> <span class='ocrx_word' id='word_1_195' title='bbox 672 2002 895 2046; x_wconf 85' lang='lat' dir='ltr'>secundae</span> <span class='ocrx_word' id='word_1_196' title='bbox 927 2016 1146 2060; x_wconf 84' lang='lat' dir='ltr'>personae</span> <span class='ocrx_word' id='word_1_197' title='bbox 1179 2001 1469 2046; x_wconf 83' lang='lat' dir='ltr'>Schwabium</span> <span class='ocrx_word' id='word_1_198' title='bbox 1499 2018 1542 2061; x_wconf 92' lang='lat' dir='ltr'>p.</span> <span class='ocrx_word' id='word_1_199' title='bbox 1563 2003 1679 2059; x_wconf 81' lang='lat'>155),</span> 
     </span>
     <span class='ocr_line' id='line_1_27' title="bbox 171 2075 1679 2136; baseline -0.001 -16"><span class='ocrx_word' id='word_1_200' title='bbox 171 2079 231 2120; x_wconf 87' lang='lat' dir='ltr'>ita</span> <span class='ocrx_word' id='word_1_201' title='bbox 274 2083 324 2120; x_wconf 87' lang='lat' dir='ltr'>ut</span> <span class='ocrx_word' id='word_1_202' title='bbox 361 2077 539 2136; x_wconf 91' lang='lat' dir='ltr'>saepius</span> <span class='ocrx_word' id='word_1_203' title='bbox 579 2077 723 2135; x_wconf 90' lang='lat' dir='ltr'>primo</span> <span class='ocrx_word' id='word_1_204' title='bbox 764 2081 943 2135; x_wconf 86' lang='lat' dir='ltr'>aspectu</span> <span class='ocrx_word' id='word_1_205' title='bbox 976 2091 1066 2119; x_wconf 91' lang='lat' dir='ltr'>non</span> <span class='ocrx_word' id='word_1_206' title='bbox 1093 2075 1314 2134; x_wconf 90' lang='lat' dir='ltr'>possimus</span> <span class='ocrx_word' id='word_1_207' title='bbox 1348 2075 1598 2120; x_wconf 82' lang='lat' dir='ltr'>diiudicare</span> <span class='ocrx_word' id='word_1_208' title='bbox 1624 2076 1679 2119; x_wconf 90' lang='lat' dir='ltr'>de</span> 
     </span>
     <span class='ocr_line' id='line_1_28' title="bbox 171 2149 1679 2209; baseline -0.001 -16"><span class='ocrx_word' id='word_1_209' title='bbox 171 2150 434 2209; x_wconf 88' lang='lat' dir='ltr'>pluribusne</span> <span class='ocrx_word' id='word_1_210' title='bbox 450 2151 654 2208; x_wconf 92' lang='lat' dir='ltr'>personis</span> <span class='ocrx_word' id='word_1_211' title='bbox 675 2150 762 2193; x_wconf 85' lang='lat' dir='ltr'>sint</span> <span class='ocrx_word' id='word_1_212' title='bbox 778 2150 1111 2207; x_wconf 86' lang='lat' dir='ltr'>intellegendae</span> <span class='ocrx_word' id='word_1_213' title='bbox 1128 2164 1268 2193; x_wconf 89' lang='lat' dir='ltr'>necne</span> <span class='ocrx_word' id='word_1_214' title='bbox 1286 2151 1344 2194; x_wconf 87' lang='lat' dir='ltr'>cf.</span> <span class='ocrx_word' id='word_1_215' title='bbox 1360 2149 1641 2207; x_wconf 89' lang='lat' dir='ltr'><strong>LXXXVII,</strong></span> <span class='ocrx_word' id='word_1_216' title='bbox 1653 2151 1679 2192; x_wconf 89' lang='grc'><strong>6</strong></span> 
     </span>
     <span class='ocr_line' id='line_1_29' title="bbox 172 2223 1681 2282; baseline 0 -15"><span class='ocrx_word' id='word_1_217' title='bbox 172 2224 303 2267; x_wconf 79' lang='lat' dir='ltr'>‘Rufe</span> <span class='ocrx_word' id='word_1_218' title='bbox 333 2249 391 2255; x_wconf 90' lang='grc'><strong>-</strong></span> <span class='ocrx_word' id='word_1_219' title='bbox 421 2231 600 2267; x_wconf 90' lang='lat' dir='ltr'>nostrae</span> <span class='ocrx_word' id='word_1_220' title='bbox 630 2224 770 2282; x_wconf 86' lang='lat' dir='ltr'>pestis</span> <span class='ocrx_word' id='word_1_221' title='bbox 804 2224 1035 2267; x_wconf 86' lang='lat' dir='ltr'>amicitiae’</span> <span class='ocrx_word' id='word_1_222' title='bbox 1058 2223 1320 2282; x_wconf 80' lang='lat' dir='ltr'><strong>LXXXIII,</strong></span> <span class='ocrx_word' id='word_1_223' title='bbox 1342 2224 1368 2267; x_wconf 87' lang='lat'><strong>3</strong></span> <span class='ocrx_word' id='word_1_224' title='bbox 1400 2224 1538 2269; x_wconf 84' lang='lat' dir='ltr'>‘Mule</span> <span class='ocrx_word' id='word_1_225' title='bbox 1557 2225 1681 2275; x_wconf 55' lang='lat' dir='ltr'>‚nihil</span> 
     </span>
     <span class='ocr_line' id='line_1_30' title="bbox 173 2297 1680 2355; baseline -0.001 -13"><span class='ocrx_word' id='word_1_226' title='bbox 173 2299 411 2342; x_wconf 85' lang='lat' dir='ltr'>sentis‘?·si</span> <span class='ocrx_word' id='word_1_227' title='bbox 443 2299 584 2342; x_wconf 88' lang='lat' dir='ltr'>nostri</span> <span class='ocrx_word' id='word_1_228' title='bbox 620 2298 756 2342; x_wconf 88' lang='lat' dir='ltr'>oblita</span> <span class='ocrx_word' id='word_1_229' title='bbox 777 2299 956 2342; x_wconf 88' lang='lat' dir='ltr'>taceret’</span> <span class='ocrx_word' id='word_1_230' title='bbox 988 2299 1112 2355; x_wconf 82' lang='lat' dir='ltr'><strong>XCI,</strong></span> <span class='ocrx_word' id='word_1_231' title='bbox 1131 2298 1234 2343; x_wconf 47' lang='lat'>112:</span> <span class='ocrx_word' id='word_1_232' title='bbox 1264 2299 1382 2343; x_wconf 88' lang='lat' dir='ltr'>‘Non</span> <span class='ocrx_word' id='word_1_233' title='bbox 1406 2299 1523 2355; x_wconf 82' lang='lat' dir='ltr'>ideo,</span> <span class='ocrx_word' id='word_1_234' title='bbox 1540 2297 1680 2355; x_wconf 80' lang='lat' dir='ltr'>Gelli,</span> 
     </span>
     <span class='ocr_line' id='line_1_31' title="bbox 173 2372 1679 2432; baseline 0 -16"><span class='ocrx_word' id='word_1_235' title='bbox 173 2375 405 2432; x_wconf 88' lang='lat' dir='ltr'>sperabam</span> <span class='ocrx_word' id='word_1_236' title='bbox 446 2380 491 2416; x_wconf 90' lang='lat' dir='ltr'>te</span> <span class='ocrx_word' id='word_1_237' title='bbox 531 2373 641 2415; x_wconf 91' lang='lat' dir='ltr'>mihi</span> <span class='ocrx_word' id='word_1_238' title='bbox 684 2373 822 2416; x_wconf 90' lang='lat' dir='ltr'>fidum</span> <span class='ocrx_word' id='word_1_239' title='bbox 860 2374 916 2417; x_wconf 92' lang='lat' dir='ltr'>In</span> <span class='ocrx_word' id='word_1_240' title='bbox 953 2373 1119 2416; x_wconf 89' lang='lat' dir='ltr'>misero</span> <span class='ocrx_word' id='word_1_241' title='bbox 1150 2373 1236 2416; x_wconf 91' lang='lat' dir='ltr'>hoc</span> <span class='ocrx_word' id='word_1_242' title='bbox 1265 2379 1435 2429; x_wconf 85' lang='lat' dir='ltr'>nostro,</span> <span class='ocrx_word' id='word_1_243' title='bbox 1466 2372 1551 2415; x_wconf 87' lang='lat' dir='ltr'>hoc</span> <span class='ocrx_word' id='word_1_244' title='bbox 1579 2387 1679 2432; x_wconf 89' lang='lat' dir='ltr'>per-</span> 
     </span>
     <span class='ocr_line' id='line_1_32' title="bbox 173 2446 1676 2506; baseline 0.001 -17"><span class='ocrx_word' id='word_1_245' title='bbox 173 2447 265 2490; x_wconf 84' lang='lat' dir='ltr'>dito</span> <span class='ocrx_word' id='word_1_246' title='bbox 296 2462 445 2491; x_wconf 84' lang='lat' dir='ltr'>amore</span> <span class='ocrx_word' id='word_1_247' title='bbox 477 2447 602 2490; x_wconf 88' lang='lat' dir='ltr'>fore’.</span> <span class='ocrx_word' id='word_1_248' title='bbox 676 2448 834 2504; x_wconf 87' lang='lat' dir='ltr'>Itaque</span> <span class='ocrx_word' id='word_1_249' title='bbox 876 2448 990 2490; x_wconf 88' lang='lat' dir='ltr'>nihil</span> <span class='ocrx_word' id='word_1_250' title='bbox 1023 2449 1167 2492; x_wconf 89' lang='lat' dir='ltr'>obstat</span> <span class='ocrx_word' id='word_1_251' title='bbox 1200 2446 1435 2505; x_wconf 87' lang='lat' dir='ltr'>quominus</span> <span class='ocrx_word' id='word_1_252' title='bbox 1465 2446 1538 2490; x_wconf 91' lang='lat' dir='ltr'>hic</span> <span class='ocrx_word' id='word_1_253' title='bbox 1570 2462 1676 2506; x_wconf 89' lang='lat' dir='ltr'>quo-</span> 
     </span>
     <span class='ocr_line' id='line_1_33' title="bbox 173 2521 1679 2581; baseline 0 -17"><span class='ocrx_word' id='word_1_254' title='bbox 173 2537 259 2579; x_wconf 91' lang='lat' dir='ltr'>quc</span> <span class='ocrx_word' id='word_1_255' title='bbox 286 2536 369 2581; x_wconf 87' lang='lat' dir='ltr'>per</span> <span class='ocrx_word' id='word_1_256' title='bbox 400 2521 626 2565; x_wconf 88' lang='lat' dir='ltr'>licentiam</span> <span class='ocrx_word' id='word_1_257' title='bbox 662 2527 840 2579; x_wconf 86' lang='lat' dir='ltr'>poetam</span> <span class='ocrx_word' id='word_1_258' title='bbox 872 2536 982 2565; x_wconf 91' lang='lat' dir='ltr'>voce</span> <span class='ocrx_word' id='word_1_259' title='bbox 1014 2521 1192 2565; x_wconf 78' lang='lat' dir='ltr'>‘nostra’</span> <span class='ocrx_word' id='word_1_260' title='bbox 1237 2536 1365 2564; x_wconf 89' lang='lat' dir='ltr'>usum</span> <span class='ocrx_word' id='word_1_261' title='bbox 1397 2535 1495 2565; x_wconf 89' lang='lat' dir='ltr'>esse</span> <span class='ocrx_word' id='word_1_262' title='bbox 1527 2521 1679 2564; x_wconf 88' lang='lat' dir='ltr'>creda-</span> 
     </span>
     <span class='ocr_line' id='line_1_34' title="bbox 172 2594 1680 2653; baseline 0.001 -16"><span class='ocrx_word' id='word_1_263' title='bbox 172 2609 284 2638; x_wconf 88' lang='lat' dir='ltr'>mus.</span> <span class='ocrx_word' id='word_1_264' title='bbox 345 2594 541 2638; x_wconf 86' lang='lat' dir='ltr'>Accedit</span> <span class='ocrx_word' id='word_1_265' title='bbox 572 2594 692 2653; x_wconf 89' lang='lat' dir='ltr'>quod</span> <span class='ocrx_word' id='word_1_266' title='bbox 729 2610 911 2653; x_wconf 87' lang='lat' dir='ltr'>prorsus</span> <span class='ocrx_word' id='word_1_267' title='bbox 944 2594 1100 2637; x_wconf 90' lang='lat' dir='ltr'>eodem</span> <span class='ocrx_word' id='word_1_268' title='bbox 1144 2594 1277 2638; x_wconf 90' lang='lat' dir='ltr'>modo</span> <span class='ocrx_word' id='word_1_269' title='bbox 1318 2600 1449 2652; x_wconf 85' lang='lat' dir='ltr'>poeta</span> <span class='ocrx_word' id='word_1_270' title='bbox 1492 2594 1680 2638; x_wconf 86' lang='lat' dir='ltr'>amicam</span> 
     </span>
     <span class='ocr_line' id='line_1_35' title="bbox 174 2667 1680 2726; baseline -0.001 -13"><span class='ocrx_word' id='word_1_271' title='bbox 174 2685 298 2713; x_wconf 89' lang='lat' dir='ltr'>suam</span> <span class='ocrx_word' id='word_1_272' title='bbox 329 2668 418 2712; x_wconf 86' lang='lat' dir='ltr'>iam</span> <span class='ocrx_word' id='word_1_273' title='bbox 451 2684 489 2712; x_wconf 88' lang='lat' dir='ltr'>c.</span> <span class='ocrx_word' id='word_1_274' title='bbox 509 2667 683 2726; x_wconf 86' lang='lat' dir='ltr'><strong>XLIII,</strong></span> <span class='ocrx_word' id='word_1_275' title='bbox 711 2670 733 2711; x_wconf 79' lang='lat'>7</span> <span class='ocrx_word' id='word_1_276' title='bbox 767 2667 942 2713; x_wconf 84' lang='lat' dir='ltr'>‘Lesbia</span> <span class='ocrx_word' id='word_1_277' title='bbox 986 2669 1147 2712; x_wconf 86' lang='lat' dir='ltr'>nostra’</span> <span class='ocrx_word' id='word_1_278' title='bbox 1192 2668 1519 2712; x_wconf 82' lang='lat' dir='ltr'>nominaverat:</span> <span class='ocrx_word' id='word_1_279' title='bbox 1561 2668 1680 2725; x_wconf 86' lang='lat' dir='ltr'>quod</span> 
     </span>
     <span class='ocr_line' id='line_1_36' title="bbox 174 2742 1680 2806; baseline 0 -19"><span class='ocrx_word' id='word_1_280' title='bbox 174 2749 423 2806; x_wconf 19' lang='lat' dir='ltr'>propterea*</span> <span class='ocrx_word' id='word_1_281' title='bbox 448 2742 586 2786; x_wconf 84' lang='lat' dir='ltr'>affero</span> <span class='ocrx_word' id='word_1_282' title='bbox 620 2744 739 2801; x_wconf 89' lang='lat' dir='ltr'>quod</span> <span class='ocrx_word' id='word_1_283' title='bbox 768 2758 985 2803; x_wconf 84' lang='lat' dir='ltr'>persaepe</span> <span class='ocrx_word' id='word_1_284' title='bbox 1015 2743 1061 2786; x_wconf 91' lang='lat' dir='ltr'>in</span> <span class='ocrx_word' id='word_1_285' title='bbox 1092 2742 1279 2787; x_wconf 89' lang='lat' dir='ltr'>diversis</span> <span class='ocrx_word' id='word_1_286' title='bbox 1310 2742 1593 2788; x_wconf 82' lang='lat' dir='ltr'>carminibus·</span> <span class='ocrx_word' id='word_1_287' title='bbox 1608 2758 1680 2787; x_wconf 87' lang='lat' dir='ltr'>ea-</span> 
     </span>
    </p>
   </div>
  </div>
 </body>
</html>
