1848 2944
847 82 902 136 21

124 239 219 270 eam
240 222 525 268 contulerunt
539 217 618 276 (ef.
640 213 735 263 Cic.
755 233 799 277 p.
822 217 945 263 Cael.
971 216 1144 274 XXIV,
1167 218 1223 261 60
1242 217 1448 264 Schwab.
1470 234 1513 277 p.
1529 216 1619 273 61).

124 291 176 332 -ὲ
210 296 345 342 Adde
377 292 496 350 quod
527 290 727 335 aemulus
762 289 927 335 Catulli
959 290 1140 336 Caelius
1169 292 1313 336 Rufus
1352 306 1440 335 non
1474 291 1618 335 solum

121 371 245 416 hirco
274 368 354 413 sed
386 366 516 410 etiam
545 364 807 424 podagra
838 365 1093 422 laborabat,
1124 365 1171 409 id
1202 365 1320 424 quod
1351 366 1440 409 iam
1470 381 1494 409 e
1524 381 1618 409 car-

120 440 426 488 mine'LXXI
455 439 669 496 colligere
698 453 933 496 possumus
964 463 1018 471 —-
1050 439 1111 484 M.
1141 454 1247 483 vero
1268 438 1447 484 Caelius
1476 439 1618 484 Rufus

121 515 371 561 excellebat
410 512 598 557 saltandi
633 517 727 555 arte
759 511 836 569 (cf.
864 512 1060 556 Macrob.
1093 512 1184 559 Sat.
1203 513 1345 569 11,10
1375 513 1507 568 extr.)
1540 512 1618 556 An

118 591 192 636 hic
223 603 401 649 quoque
428 588 562 632 talem
582 586 980 646 exaggerationem
1008 587 1328 646 deprendimus
1355 587 1531 646 qualem
1561 587 1616 631 de

120 665 313 709 carmine
330 662 488 708 LXIX
508 661 661 706 statuit
690 659 952 705 Schwabius
978 660 1042 719 (p.
1060 662 1134 718 87)
1150 662 1173 705 ⁶?
1205 661 1301 706 Cur
1330 667 1478 704 autem
1507 661 1618 705 falsa

118 744 289 782 tantum
325 736 491 780 obiecit
520 735 563 778 ei
597 733 815 791 Catullus,
849 751 1000 780 nonne
1031 736 1117 779 alia
1147 742 1191 778 et
1221 735 1397 779 veriora
1438 734 1505 778 illi
1537 750 1616 793 po-

117 810 199 855 tuit
225 811 506 870 'exprobrare
536 809 582 853 in
613 824 700 867 quo
723 824 829 854 sane
854 810 1074 870 permulta
1091 809 1301 857 videntur
1319 809 1616 868 vituperanda

117 885 255 928 fuisse
283 884 360 941 (cf.
390 883 550 927 Drum.
579 884 609 926 l.
643 883 673 927 l.
704 899 746 943 p.
765 883 848 926 421
879 884 1001 941 sq.)?

67 953 69 956 ¹
225 958 325 1003 >Iam
355 963 404 1001 ut
432 956 667 1002 redeamus
689 958 745 1001 ad
768 972 864 1001 eam
886 958 1193 1019 quaestionem
1224 957 1279 1000 de
1312 972 1399 1016 qua
1428 956 1515 1000 hoe
1545 971 1615 999 ca-

121 1032 213 1092 pite
255 1032 450 1091 agimus,
495 1030 549 1074 de
591 1031 655 1075 eis
699 1031 968 1075 carminibus
1007 1047 1121 1090 quae
1159 1030 1389 1090 excipiunt
1437 1044 1616 1074 carmen

114 1105 317 1150 LXXIII
358 1106 582 1151 difficilius
616 1113 682 1151 est
712 1107 930 1151 disserere
966 1107 1069 1165 quia
1108 1106 1182 1150 hic
1223 1106 1333 1149 ordo
1369 1105 1614 1148 carminum

114 1179 291 1224 videtur
325 1194 422 1225 esse
452 1181 665 1225 turbatus.
728 1181 936 1239 Scaliger
979 1180 1096 1224 enim
1135 1196 1234 1224 cum
1273 1185 1396 1223 recte
1437 1178 1615 1222 videret

115 1270 152 1297 c.
172 1253 449 1297 LXXXVII
465 1255 661 1298 clausula
678 1270 833 1298 carere
861 1254 1222 1312 subiungendum
1253 1254 1293 1297 ei
1323 1268 1422 1297 esse
1442 1252 1614 1296 censuit

115 1342 245 1372 carm.
264 1327 452 1372 LXXV.
491 1329 636 1384 Quam
666 1328 930 1373 sententiam
960 1328 1266 1389 comprobavit
1296 1327 1612 1373 Lachmannus

114 1407 283 1446 tantum
315 1403 508 1461 primum
540 1418 719 1447 versum
751 1404 933 1448 alterius
963 1404 1083 1447 illius
1114 1403 1252 1463 partis
1282 1403 1412 1446 aliter
1443 1402 1613 1445 studuit

115 1476 367 1521 emendare.
437 1476 624 1535 Legitur
666 1483 812 1522 autem
853 1478 914 1522 ita
957 1478 1044 1522 hoc
1089 1491 1269 1522 carmen
1314 1476 1433 1537 apud
1472 1475 1613 1520 Lach-

114 1565 348 1594 mannum:

114 1622 389 1668 LXXXVII
428 1623 565 1669 Nulla
595 1631 742 1683 potest
770 1625 932 1669 mulier
962 1631 1132 1670 tantum
1166 1641 1213 1669 se
1244 1625 1393 1669 dicere
1425 1630 1614 1669 amatam

475 1698 611 1755 Vere,
643 1704 854 1759 quantum
886 1716 911 1743 a
942 1714 1013 1743 me
1040 1699 1202 1751 Lesbia
1232 1705 1374 1743 amata
1403 1713 1500 1743 mea
1526 1713 1574 1743 es

419 1772 555 1817 Nulla
584 1772 697 1816 fides
727 1773 851 1816 nullo
883 1773 966 1816 fuit
995 1788 1190 1830 unquam
1221 1773 1405 1817 foedere
1432 1778 1567 1830 tanta,

471 1847 648 1902 Quanta
662 1847 709 1890 in
727 1863 876 1891 amore
895 1854 970 1892 tuo
993 1863 1050 1892 ex
1067 1854 1195 1908 parte
1215 1853 1393 1907 reperta
1412 1861 1511 1890 mea
1533 1854 1611 1892 est.

113 1915 288 1961 LXXV
412 1919 544 1964 Nunc
561 1921 710 1975 (codd.
733 1921 856 1977 Huc)
887 1927 956 1965 est
985 1937 1112 1965 mens
1144 1921 1324 1965 diducta
1355 1920 1501 1978 (codd.
1534 1920 1609 1964 de-

422 1994 578 2053 ducta3
611 1995 727 2042 Scal.
757 1995 967 2054 adducta)
996 2003 1086 2054 tua,
1118 2011 1217 2041 mea
1245 1995 1407 2041 Lesbia
1438 1995 1581 2056 culpa,

476 2070 630 2127 Atque
660 2070 721 2114 ita
748 2068 796 2114 se
827 2071 974 2115 officio
1005 2070 1201 2130 perdidit
1231 2070 1328 2129 ipsa
1359 2085 1452 2125 suo,

413 2144 477 2189 Ut
507 2146 594 2188 iam
614 2161 699 2189 nec
725 2145 841 2189 bene
858 2146 978 2189 velle
998 2152 1131 2205 queat
1145 2145 1241 2202 tibi,
1270 2145 1307 2188 si
1327 2145 1495 2204 optima
1517 2146 1611 2202 fias,

474 2218 572 2263 Nec
602 2218 817 2263 desistere
848 2235 1009 2277 amare,
1041 2220 1188 2264 omnia
1219 2220 1256 2265 si
1286 2219 1432 2264 facias.

225 2292 324 2337 Hac
361 2293 501 2352 igitur
546 2294 928 2352 conglutinatione
973 2296 1188 2355 optimum
1237 2295 1384 2339 evadit
1415 2311 1608 2340 carmen.

111 2362 175 2409 Ut
204 2380 312 2411 vero
353 2368 679 2428 separationem
721 2368 900 2412 illarum
942 2369 1134 2428 partium
1179 2368 1430 2413 declararet
1467 2369 1608 2414 Lach-

112 2452 294 2485 mannus
327 2441 542 2485 iudicavit
571 2442 645 2486 eas
680 2442 787 2486 duas
817 2443 1002 2501 paginas
1035 2457 1147 2500 quae
1179 2443 1424 2502 implentur
1453 2443 1607 2487 carmi-

20 2568 24 2572 ·
110 2511 239 2557 nibus
274 2515 839 2560 LXXVII-LXXXVII
876 2517 1107 2576 ponendas
1148 2532 1243 2561 esse
1287 2523 1389 2561 ante
1435 2532 1531 2561 eam
1561 2518 1607 2561 in

112 2587 233 2632 cuius
252 2589 393 2654 capite
414 2606 561 2644 carm.
579 2590 754 2635 LXXV
785 2591 1024 2636 invenitur.
1078 2591 1146 2636 Of.
1179 2592 1235 2636 de
1264 2592 1348 2636 hac
1367 2607 1417 2636 re
1449 2593 1608 2653 Haup-

112 2658 220 2704 tium
252 2670 420 2721 quaest.
455 2665 553 2710 Cat.
586 2682 629 2725 p.
645 2664 830 2722 38—41,
874 2666 949 2725 qui
990 2667 1312 2711 demonstravit
1344 2667 1476 2711 valde
1509 2683 1605 2713 esse

112 2734 205 2778 veri
220 2736 367 2783 simile
380 2753 431 2783 re
449 2753 553 2783 vera
574 2739 778 2784 carminis
799 2739 1072 2787 LXXXVII
1090 2758 1132 2787 v.
1149 2741 1178 2785 4
1195 2741 1243 2786 in
1262 2741 1396 2786 finem
1415 2742 1606 2804 paginae
