1848 2944
873 54 932 106 42

149 183 218 227 los
248 184 549 242 Lesbiamque
579 178 743 244 scripta
773 200 885 245 quae
910 178 1192 233 inveniantur
1213 186 1324 234 >ante
1352 179 1661 237 ossI'JXXXVI
1730 182 1733 185 Ι

150 258 325 302 nullum
361 259 577 303 exhibere
608 260 822 307 indicium
861 262 982 306 unde
1017 270 1229 322 appareat
1277 264 1532 310 discessisse
1571 265 1660 310 iam

149 339 328 392 poetam
345 350 369 376 a
386 333 564 377 Lesbia.
596 334 807 379 Fortasse
836 336 940 379 huic
961 338 1146 381 carmini
1169 339 1453 398 (LXXXVI)
1473 340 1659 385 nonsinc

151 424 281 452 causa
311 402 616 468 praepositum
648 414 929 455 est'carmen
961 404 1211 457 LXXXV:

290 482 380 526 Odi
411 489 465 526 et
494 499 624 527 amo.
657 483 806 539 Quare
835 484 881 527 id
908 486 1082 541 faciam,
1112 487 1302 531 fortasse
1333 488 1535 547 requiris.

345 555 511 600 Nescio
543 556 621 599 sed
652 556 752 599 fieri
783 558 926 601 sentio
959 564 1003 601 et
1033 559 1279 603 excrucior.

150 644 301 673 nonne
333 629 449 673 enim
483 630 707 674 coniicere
739 630 847 674 licet
880 631 1107 676 Catullum
1138 633 1213 690 qui
1245 633 1364 678 haud
1396 634 1531 678 dubie
1564 649 1659 678 ear-

151 705 270 747 mina
298 709 400 761 apte
437 710 674 747 conectere
708 719 843 762 saepe
889 705 1072 762 studuit,
1103 722 1237 751 carm.
1268 707 1490 753 LXXXV
1533 708 1658 767 quasi

153 791 369 820 excusare
404 793 453 821 se
484 777 602 821 velle
635 778 691 820 de
724 777 918 821 carmine
949 778 1200 823 LXXXVI
1232 795 1318 837 quo
1351 795 1449 824 eam
1478 781 1653 840 praedi-

151 857 224 894 cet
254 867 386 910 quam
415 857 545 895 antea
576 852 854 896 contumeliis
886 853 1128 897 insectatus
1160 853 1228 897 sit.
1291 853 1383 898 Sed
1424 855 1507 899 hac
1534 870 1659 915 prae·

152 926 373 970 dicatione
403 925 515 970 nihil
554 925 757 970 effecisse
789 932 969 985 poetam
1009 934 1195 988 apparet
1224 943 1283 973 ex
1313 928 1509 973 carmine
1541 929 1658 973 insc-

153 1002 308 1059 quenti
338 1001 628 1046 LXXXVII.
646 1027 702 1033 —-
718 1001 872 1045 Restat
897 1009 946 1045 ut
964 1003 1019 1046 de
1043 1003 1238 1047 carmine
1263 1003 1517 1049 LXXXIII
1540 1005 1657 1048 dica·
1697 1011 1704 1016 “

152 1091 262 1119 111115.
306 1076 441 1132 Quod
458 1091 640 1120 carmen
658 1091 924 1133 quamquam
941 1069 1265 1135 perobscurum
1282 1085 1363 1133 est,
1381 1078 1473 1121 eius
1490 1093 1660 1122 summa

151 1150 262 1193 haec
295 1150 475 1194 videtur
504 1166 620 1195 esse:
659 1150 888 1195 Catullum
918 1151 1090 1194 videri
1130 1151 1213 1196 sibi
1244 1166 1518 1209 cognoscere
1549 1153 1658 1197 Les-

155 1224 270 1268 biam
288 1224 559 1268 conscientia
579 1224 712 1267 animi
731 1224 948 1268 stimulari
958 1243 968 1281 ;
1003 1225 1083 1268 sed
1112 1225 1216 1269 hinc
1246 1225 1430 1270 minime
1460 1232 1527 1269 est
1555 1241 1658 1270 con-

153 1298 389 1342 sectarium
425 1298 585 1341 eodem
616 1298 702 1341 hoc
743 1313 921 1341 carmen
954 1299 1167 1358 scriptum
1208 1313 1306 1342 esse
1337 1305 1541 1357 tempore
1572 1314 1659 1356 quo

154 1390 188 1417 c.
219 1372 357 1417 XCII
386 1372 504 1429 quod
536 1372 798 1419 Schwabius
833 1372 1044 1416 iudicavit
1075 1375 1136 1431 (p.
1159 1373 1248 1429 80).

268 1446 363 1489 Iam
394 1446 430 1490 si
460 1461 769 1505 comparamus
794 1447 908 1490 hanc
926 1447 1104 1490 tertiam
1121 1463 1220 1491 cum
1235 1448 1381 1506 prima
1410 1448 1658 1492 carminum

151 1526 280 1580 parte
322 1519 418 1564 sine
453 1519 588 1563 dubio
623 1520 820 1564 carmina
858 1520 926 1576 II,
972 1520 1067 1576 III,
1113 1519 1169 1576 V,
1213 1519 1318 1577 VII,
1366 1520 1495 1576 XIII,
1543 1520 1663 1565 VIII

153 1595 320 1653 scripta
356 1602 458 1639 511111
494 1601 595 1639 31116
636 1612 671 1639 c.
702 1595 859 1639 LXIX
889 1610 1001 1654 sqq„
1043 1611 1081 1638 6.
1112 1593 1231 1638 VIII
1270 1609 1379 1638 vero
1424 1595 1662 1639 intransitu

152 1669 387 1728 utriusque
426 1670 672 1714 carminum
711 1670 879 1714 ordinis
926 1669 1103 1713 videtur
1137 1684 1233 1712 esse
1273 1670 1545 1728 ponendum,
1590 1676 1658 1714 est

154 1745 273 1788 6111111
306 1744 521 1803 scriptum
557 1744 632 1787 tali
662 1751 865 1804 tempore
898 1759 985 1804 quo
1021 1744 1109 1787 iam
1145 1743 1308 1787 diffidit
1347 1750 1485 1803 poeta
1521 1744 1661 1788 amori

152 1818 357 1875 Lesbiae,
388 1834 474 1876 quo
493 1825 639 1863 autem
659 1819 858 1862 nondum
875 1824 1183 1880 perspexerat*
1200 1834 1302 1861 cum
1320 1817 1417 1861 aliis
1438 1832 1535 1862 eam
1566 1833 1663 1862 rem

151 1893 332 1937 habere.
396 1895 505 1938 Post
538 1910 576 1938 6.
610 1893 983 1938 LXIX—CXVI
1016 1893 1133 1936 haud
1175 1892 1308 1937 dubie
1351 1892 1516 1953 scripta
1559 1897 1663 1937 sunt

153 1968 346 2012 carmina
361 1968 605 2023 XXXVII,
621 1969 704 2025 XI,
722 1969 901 2026 LVIII,
916 1985 1055 2013 unum
1072 1975 1244 2012 tantum
1260 1983 1438 2012 carmen
1453 1967 1661 2011 XXXVI

153 2048 279 2086 certo
307 2043 441 2100 paulo
473 2049 573 2085 ante
602 2058 734 2085 carm.
755 2042 887 2086 CVII
917 2041 1135 2099 scriptum
1168 2048 1248 2097 est,
1279 2041 1358 2084 sed
1390 2040 1660 2083 disideratur

155 2116 339 2160 minime
355 2117 402 2160 in
417 2116 501 2160 hac
517 2117 649 2161 tertia
667 2122 793 2176 parte
810 2134 819 2172 3
841 2116 960 2160 idem
978 2115 1216 2159 dicendum
1235 2122 1301 2159 est
1318 2114 1374 2159 de
1391 2116 1660 2160 carminibus

152 2189 326 2246 XLIII,
354 2190 417 2233 LI
445 2191 482 2233 si
518 2190 698 2248 quidem
729 2190 1073 2233 haec'carmina
1113 2190 1217 2233 huic
1259 2189 1473 2248 temporis
1519 2190 1659 2249 spatio

153 2263 388 2307 tribuenda
407 2269 512 2308 sunt
535 2263 653 2323 quod
675 2262 938 2307 terminatur
959 2262 1228 2307 carminibus
1248 2262 1405 2308 LXIX
1428 2252 1472 2307 61
1491 2263 1659 2309 CXVI.

153 2339 275 2399 Ergo
307 2340 426 2399 quod
457 2355 592 2399 supra
622 2339 716 2382 dixi
747 2339 810 2399 (p.
828 2340 920 2396 33),
954 2338 1218 2382 divisionem
1248 2339 1369 2382 illam
1394 2338 1660 2397 tripartitam

154 2416 265 2460 nihil
298 2416 392 2459 fere
437 2414 640 2459 nocuisse
683 2414 950 2458 carminibus
995 2413 1200 2459 LXIX—
1214 2412 1368 2457 CXVI
1409 2428 1659 2474 operaeque

154 2491 291 2536 fuisse
338 2490 532 2548 pretium
578 2495 627 2533 ut
669 2489 777 2532 haec
825 2488 1020 2532 carmina
1063 2488 1123 2531 ita
1169 2487 1483 2532 ordinarentur
1530 2489 1692 2549 sicuti·

154 2565 332 2623 singula
349 2564 564 2623 deinceps
589 2563 753 2621 scripta
775 2569 939 2619 essent,
965 2563 1052 2606 iam
1070 2562 1273 2621 apparuit
1304 2562 1434 2607 simul
1455 2562 1659 2621 apparuit

155 2640 321 2684 nullius
355 2640 451 2682 fere
486 2640 659 2682 fructus
691 2638 830 2682 fuisse
864 2637 899 2680 si
925 2637 1127 2682 Catullus
1160 2637 1355 2681 earmina
1369 2637 1562 2681 II—LX
1589 2652 1658 2681 ac-

155 2721 308 2758 curate
339 2713 583 2758 ordinaretv
602 2719 854 2772 temporum
878 2711 1048 2765 ratione
1079 2711 1240 2756 habita.
