1848 2944
755 50 757 52 ’
863 50 918 95 17·

139 182 316 229 Etenim
357 181 396 226 si
436 178 601 223 diutius
642 176 729 219 iam
754 190 900 221 -amor
926 175 1118 219 Lesbiae
1148 176 1348 220 turbatus
1378 174 1536 228 fuisset
1563 175 1639 222 vel

140 258 178 303 si
203 258 355 317 plures
387 255 474 298 iam
508 241 707 295 aemulos
739 249 989 294 admisisset
1004 250 1169 304 Lesbia
1185 250 1264 294 vix
1290 255 1378 294 tam
1409 249 1637 294 confiden-

136 338 208 376 ter
244 330 300 373 de
345 342 424 371 suo
471 339 623 369 amore
661 325 839 368 locutus
880 330 998 368 esset
1042 322 1263 368 Catullus:
1305 323 1476 367 accedit
1517 323 1636 380 quod

136 410 290 464 postea
328 401 468 446 multo
513 398 712 459 apertius
753 397 983 457 multoque
1019 398 1271 442 vementius
1315 398 1512 442 aemulos
1556 397 1635 440 im-

135 476 366 539 pugnavit.
999 471 1000 474 ¹

251 551 363 608 Quis
392 564 500 595 vero
527 554 623 594 erat
640 547 718 593 ille
737 546 907 607 primus
928 546 1127 591 aemulus
1144 544 1312 591 Catulli
1331 545 1407 604 qui
1428 562 1466 590 c.
1479 545 1632 591 LXXI

135 609 480 687 perstringitur?
545 623 739 668 Carmen
755 621 960 666 LXXIII
991 621 1027 664 si
1056 627 1263 664 accurate
1291 608 1517 664 *intuemur
1542 637 1632 664 ma·

134 715 268 759 gnam
298 696 691 742 animadvertimus
737 693 1075 740 similitudinem
1115 693 1235 737 inter
1282 708 1383 738 eum
1422 693 1471 737 in
1500 708 1632 751 quem

133 774 220 816 hoc
250 785 428 814 carmen
456 769 635 827 scripsit
668 775 801 827 poeta
834 775 879 811 et
895 768 1098 812 Caelium
1114 768 1278 811 Rufum
1312 774 1487 810 extare:
1516 774 1634 810 uter-

136 860 223 906 que
251 846 398 889 fuerat
426 842 654 889 intimus
688 841 853 888 Catulli
885 841 1050 886 amicus
1078 841 1322 899 (LXXIII,
1352 841 1400 885 6:
1442 840 1530 899 ‘qui
1561 855 1633 884 me

132 935 271 964 unum
299 925 431 975 atque
450 918 633 961 unicum
653 918 687 972 ¹)
725 915 916 959 amicum
945 916 1111 959 habui-t’
1147 915 1198 970 G,
1215 916 1241 958 6
1263 915 1408 959 ‘unica
1425 915 1644 962 amicitia',

134 994 191 1038 cf.
207 979 446 1048 LXXVII,
463 992 500 1035 l.
520 990 567 1049 6)
600 997 789 1049 uterque
816 990 898 1033 hac
929 989 1121 1033 amicitia
1149 989 1326 1049 perfide
1352 989 1516 1033 abusus
1539 995 1633 1033 erat

131 1072 181 1110 ut
198 1066 404 1110 Lesbiam
438 1071 599 1122 poetae
628 1065 855 1129 alienaret
869 1064 1104 1121 (LXXIII,
1128 1065 1156 1107 5
1185 1064 1332 1121 ‘quem
1366 1079 1498 1109 nemo
1529 1080 1630 1124 gra-

133 1140 233 1184 vius
262 1154 345 1183 nec
376 1138 581 1182 acerbius
611 1139 755 1197 urget’
791 1153 902 1196 quae
935 1140 1072 1183 verba
1099 1138 1217 1182 haud
1248 1137 1383 1181 dubie
1412 1144 1632 1183 testantur

129 1215 355 1259 hominem
396 1214 524 1258 illum
560 1214 607 1258 in
643 1229 774 1271 quem
819 1214 1034 1272 scriptum
1065 1213 1122 1257 sit
1156 1213 1241 1256 hoc
1274 1228 1452 1257 carmen
1482 1229 1628 1258 aemu-

125 1289 218 1332 lum
259 1288 395 1332 fuisse
439 1287 605 1332 Catulli
649 1287 696 1330 in
736 1303 885 1331 amore
927 1287 1142 1342 Lesbiae3
1191 1286 1421 1332 LXXVII
1459 1286 1627 1331 ‘Sicine

127 1362 349 1421 subrepsti
386 1361 446 1404 mi
476 1363 609 1420 atque
638 1361 846 1404 intestina
874 1375 1110 1420 perurens:
1147 1362 1203 1405 Ei
1231 1354 1392 1406 misero
1424 1362 1626 1421 eripuisti

127 1437 273 1481 omnia
302 1443 453 1480 nostra
481 1437 597 1480 bona
610 1437 644 1481 ‘2’
680 1438 736 1481 cf.
758 1435 809 1493 C,
825 1437 865 1481 5.
883 1437 945 1494 6).
1002 1436 1142 1481 Unde
1169 1437 1267 1480 iure
1303 1437 1470 1496 optimo
1501 1438 1624 1481 colli-

124 1510 271 1568 gimus
302 1525 434 1554 carm.
452 1509 664 1554 LXXIII
695 1509 742 1553 in
773 1508 975 1574 Caelium
990 1509 1154 1554 Rufum
1189 1510 1401 1570 scriptum
1432 1526 1545 1570 esse,
1578 1511 1625 1555 id

126 1583 244 1640 quod
274 1584 442 1643 primus
476 1581 742 1628 Schwabius
770 1583 882 1626 vidit
916 1583 978 1642 (p.
998 1584 1087 1640 85).
1150 1583 1198 1629 Si
1235 1600 1343 1629 vero
1382 1585 1624 1644 diligenter

127 1656 432 1700 examinamus
461 1657 746 1715 gravissimas
776 1658 874 1702 illas
904 1657 959 1701 de
989 1658 1099 1702 falsa
1126 1658 1317 1703 amicitia
1348 1658 1491 1704 Caelii
1520 1675 1622 1718 que-

124 1730 253 1785 relas,
280 1730 411 1773 facile
443 1731 720 1790 suspicamur
746 1731 948 1775 Caelium
968 1747 1058 1776 non
1079 1734 1223 1776 solum
1246 1734 1469 1777 aemulum
1489 1735 1625 1778 fuisse

123 1802 169 1846 in
209 1818 358 1848 amore
390 1803 578 1849 Lesbiae
621 1805 700 1849 sed
740 1804 868 1849 etiam
914 1805 1106 1863 primum
1144 1806 1186 1850 ei
1218 1806 1522 1867 ‘subrepsisse’
1568 1808 1624 1853 cf.

123 1875 326 1936 inprimis
357 1893 392 1922 c.
424 1878 669 1935 LXXVII,
702 1878 840 1931 1—4:

240 1939 355 1996 Rufe
385 1952 493 1997 mihi
522 1953 686 1998 frustra
714 1970 765 1997 ac
796 1953 1066 2011 nequiquam
1098 1953 1267 1998 credite
1296 1954 1437 2000 amico

295 2025 530 2082 (Frustra?
564 2026 699 2070 immo
730 2041 892 2085 magno
925 2043 1028 2071 cum
1056 2027 1201 2086 pretio
1231 2034 1363 2086 atque
1395 2029 1547 2088 malo),

200 2144 203 2147 ,
240 2096 391 2143 Sicine
420 2101 644 2161 subrepsti
673 2102 733 2145 mi
768 2107 901 2161 atque
931 2102 1139 2146 intestina
1164 2117 1383 2162 perurens

293 2172 348 2218 Ei
381 2174 544 2219 misero
579 2175 853 2235 eripuisti
888 2176 1034 2221 omnia
1065 2183 1268 2221 nostra
1296 2177 1477 2224 bona?

236 2246 471 2301 Quomodo
505 2265 668 2307 quaeso
710 2251 770 2295 ita
807 2251 1010 2296 Catullus
1052 2252 1282 2311 appellare
1326 2254 1474 2311 potuit
1514 2255 1624 2300 Cae-

120 2316 243 2376 lium,
295 2320 332 2365 si
374 2322 448 2366 alii
487 2322 574 2367 iam
608 2323 772 2368 aemuli
813 2324 854 2368 ei
899 2338 1097 2369 amorem
1127 2324 1316 2369 Lesbiae
1354 2326 1622 2386 eripuerant,

120 2406 268 2438 nonne
297 2395 518 2454 significat
546 2403 679 2456 poeta
708 2414 749 2442 v.
767 2397 797 2440 4
836 2404 967 2443 antea
994 2398 1118 2442 velut
1156 2415 1284 2443 suum
1325 2400 1489 2445 bonum
1522 2407 1637 2448 sesc'

256 2567 285 2616 ²)
310 2569 393 2607 Hoc
426 2571 553 2607 minus
586 2572 751 2618 quadrat
783 2572 833 2609 ad
868 2572 984 2608 alium
1020 2571 1210 2618 quendam
1242 2573 1437 2610 aemulum
1465 2576 1618 2623 Catulli,

122 2628 297 2678 Gellium,
323 2635 371 2672 de
397 2648 472 2682 quo
497 2639 614 2683 poeta
636 2637 710 2673 hoc
735 2640 888 2674 tantum
912 2637 1007 2673 dicit
1019 2637 1114 2680 XCI,
1132 2640 1172 2672 7·
1200 2637 1264 2673 ‘Et
1288 2641 1460 2685 quamvis
1488 2644 1620 2680 tecum

69 2726 77 2736 ,
121 2696 246 2733 multo
272 2701 530 2749 coniungerer
552 2703 635 2738 usu’
661 2723 720 2739 —-.

1326 2770 1349 2811 2
