1848 2944
907 60 965 106 32

180 183 582 229 LXI—LXVIIIb
623 185 813 230 alterum
856 185 1059 241 II—-LX,
1096 184 1477 236 LXIX—CXVI
1521 185 1567 229 in
1589 185 1694 231 ,hoc

181 258 323 301 altero
356 273 526 316 genere
547 273 650 302 eum
678 275 879 304 seorsum
907 260 1149 305 collocasse
1167 254 1693 306 carmmssx-OXVI
1733 308 1735 310 ,

183 331 408 389 dactylico
439 339 582 377 metro
616 334 880 393 conscripta,
918 335 1074 394 utpo'te
1107 349 1220 394 quae
1249 334 1488 378 maximam
1518 340 1692 394 partem

182 404 411 465 propriam
450 406 671 451 haberent
707 413 932 451 naturam:
972 407 1383 468 epigrammaticam
1429 407 1567 460 (inter
1598 424 1690 458 care

184 479 304 523 mina
329 479 523 525 II—LX
552 482 728 527 nullum
756 497 916 526 verum
945 482 1222 542 epigramma
1251 478 1509 539 invenitur).
1557 482 1691 539 Quod

182 568 292 598 vero
324 556 523 600 carmina
549 555 921 602 LXIX—CXVI
959 573 1048 601 non
1093 556 1322 617 excipiunt
1355 556 1565 601 continuo
1597 572 1690 601 car-

180 629 299 673 mina
328 630 513 687 I—LX,
558 634 748 675 fortasse
787 632 895 675 item
941 632 1131 675 debetur
1174 637 1332 690 poetae
1364 630 1439 688 qui
1469 630 1548 674 has
1578 629 1688 674 duas

119 693 126 702 ’
178 702 346 747 classes
379 711 606 764 separatas
638 706 781 749 voluit
810 720 908 749 csse
943 720 994 749 ea
1023 712 1149 764 parte
1184 718 1296 762 quae
1330 705 1446 748 forte
1491 703 1689 747 continet

178 777 376 821 carmina
405 778 638 836 longiora:
685 795 950 838 quamquam
990 779 1130 823 multo
1165 778 1425 824 credibilius
1455 783 1523 835 eust
1551 778 1689 822 alium

177 850 400 909 quendam
439 853 635 900 carmina
675 852 1048 898 LXIx-OXVI
1089 852 1413 912 transposuisse
1454 852 1502 896 in
1546 851 1683 895 finem

177 925 294 981 libri,
325 932 375 970 ut
404 926 613 971 continua
645 943 800 971 eorum
839 928 1094 972 efficeretur
1118 927 1363 971 carminum
1392 926 1546 983 series,
1569 939 1682 986 quae

179 999 354 1056 elegico
386 1007 528 1043 metro
560 1002 727 1059 scripta
759 1008 923 1045 essent.
983 1002 1059 1045 Ab
1091 1002 1173 1044 hac
1204 1001 1344 1058 igitur
1377 1015 1476 1043 mea
1505 999 1562 1042 de
1582 1016 1680 1060 par-

177 1072 334 1118 titione
362 1065 466 1118 libri
485 1074 651 1120 Catulli
685 1076 906 1121 sententia
939 1074 1192 1136 egredienti
1219 1074 1351 1119 liceat
1382 1074 1491 1119 mihi
1518 1074 1566 1119 in
1583 1083 1691 1134 gra-‘

176 1148 282 1192 tiam
314 1149 546 1192 brevitatis
577 1165 641 1193 cc.
661 1150 828 1194 I—LX
844 1149 1049 1209 primam,
1076 1147 1551 1193 cc.LXI-—LXVIIIb
1577 1149 1684 1192 alte-

174 1238 284 1278 ram,
319 1237 383 1266 cc.
399 1222 776 1267 LXIX—CXVI
806 1223 982 1266 tertiam
1009 1223 1238 1267 nominare
1258 1229 1428 1282 partem
1452 1222 1681 1282 (respecto

176 1296 332 1340 ordine
363 1296 618 1354 tralaticio).

288 1370 496 1414 Fortasse
527 1370 640 1414 illud
672 1385 821 1414 meum
852 1371 1065 1415 iudicium
1087 1369 1420 1414 confirmabitur
1441 1369 1679 1413 refutanda

175 1460 228 1488 ca
268 1444 492 1489 sententia
529 1460 658 1501 quam
692 1445 1009 1489 Froehlichius
1051 1445 1106 1489 de
1150 1445 1338 1503 pristino
1378 1443 1483 1486 libri
1525 1442 1679 1486 habitu

175 1518 277 1562 tulit
323 1518 398 1574 (cf.
437 1518 621 1563 Froehl.
654 1518 740 1562 1.1.
771 1535 814 1578 p.
843 1518 1095 1575 699—7023
1138 1517 1378 1561 712—713.
1422 1516 1520 1560 692.
1561 1515 1679 1571 693).

176 1594 315 1639 Cuius
348 1610 520 1637 summa
555 1594 668 1638 haec
701 1600 790 1639 est:
830 1594 1110 1652 singulorum
1142 1593 1391 1638 carminum
1423 1590 1588 1637 Catulli
1620 1597 1687 1651 ta.-¹

173 1669 263 1713 lem
293 1683 391 1712 esse
420 1675 625 1713 naturam
653 1676 702 1713 ut
734 1670 936 1730 exceptis
953 1669 1227 1729 paucissimis
1244 1684 1335 1712 non
1359 1668 1533 1728 possint
1562 1667 1699 1731 bene*

172 1743 379 1801 intellegi
408 1743 494 1786 nisi
527 1744 689 1788 ceteris
724 1745 991 1789 carminibus
1033 1745 1221 1801 collatis,
1251 1744 1401 1801 itaque
1441 1742 1537 1787 veri
1581 1757 1678 1786 esse

173 1816 450 1860 simillimum
479 1823 660 1876 poetam
693 1818 789 1877 (qui
819 1844 876 1850 —
910 1819 1029 1878 quod
1058 1825 1183 1863 rec-te
1212 1821 1347 1877 urget
1368 1815 1679 1861 Froehlichius

172 1915 229 1921 ——
260 1890 358 1949 ipsc
388 1890 553 1934 librum
583 1907 711 1935 suum
745 1892 936 1936 ediderit
976 1893 1033 1937 cf.
1065 1893 1261 1947 carm.I)
1300 1906 1382 1951 per
1421 1890 1676 1934 universum

170 1964 336 2008 librum
366 1964 429 2008 ita
461 1965 636 2024 singula
671 1966 867 2010 carmina
896 1967 1125 2011 ordinasse
1155 1973 1205 2010 ut
1239 1970 1444 2010 accurate
1481 1980 1582 2009 cum
1613 1964 1677 2008 eis

171 2039 451 2098 temporibus
482 2039 642 2097 quibus
672 2040 838 2099 scripta
874 2040 966 2084 sint
1006 2040 1324 2101 processerint.
1382 2039 1539 2084 Talem
1568 2052 1677 2082 vero

174 2112 379 2157 ordinem
409 2130 594 2173 prorsus
625 2114 895 2171 desiderari3
944 2122 1102 2160 contra
1138 2114 1342 2158 invenire
1372 2129 1454 2158 nos
1473 2106 1531 2156 ‘in
1560 2112 1677 2156 libro

155 2193 322 2231 nostro
356 2187 635 2245 divisionem,
678 2204 763 2247 qua
793 2188 986 2239 carmina
1014 2188 1071 2233 ad
1104 2204 1308 2233 normam
1336 2194 1579 2232 metrorum
1610 2201 1678 2230 or-

171 2262 324 2306 dinata
357 2263 460 2319 sint,
506 2269 597 2307 tam
630 2263 969 2310 inconstantem
1009 2271 1059 2308 ut
1099 2270 1258 2322 poetae
1298 2262 1383 2323 ipsi
1421 2277 1511 2306 non
1537 2260 1679 2320 possit

169 2335 318 2379 tribui.
379 2336 506 2394 Ergo
547 2336 780 2395 probabile
827 2352 925 2382 esse
967 2344 1166 2381 veterem
1213 2336 1432 2397 quendam
1477 2334 1676 2385 codicem

169 2410 289 2454 unde
329 2417 481 2454 textus
512 2417 667 2454 noster
705 2417 827 2455 ortus
858 2411 928 2467 sit,
969 2413 1029 2455 ita
1057 2412 1173 2455 forte
1204 2409 1452 2454 mutilatum
1487 2423 1599 2464 esse,
1627 2414 1679 2452 ut

168 2483 382 2543 pristinus
415 2485 776 2528 membranarum
810 2485 921 2529 ordo
955 2500 1139 2545 prorsus
1171 2483 1345 2528 deletus
1377 2482 1448 2541 sit,
1481 2481 1600 2541 quod
1629 2481 1677 2525 in

170 2574 302 2602 causa
328 2559 466 2603 fuisse
500 2565 551 2602 ut
592 2560 900 2617 grammatista
945 2559 1123 2617 quidam
1163 2574 1329 2603 novum
1366 2558 1570 2602 ordinem
1612 2556 1676 2600 in-

169 2634 291 2677 ferre
330 2633 551 2678 studuerit
593 2632 853 2693 separandis
893 2633 1163 2677 carminibus
1199 2633 1256 2678 ad
1284 2647 1487 2677 normam
1511 2636 1674 2676 metro-

168 2723 266 2750 rum
311 2713 416 2757 tam*
437 2708 615 2768 ineptus
658 2714 708 2751 ut
756 2722 793 2751 e.
825 2724 870 2767 g.
912 2708 1177 2766 galliambos
1227 2705 1454 2764 (carminis
1498 2705 1674 2764 LXIII)
